2874 4974
195 297 258 363 190
646 299 906 380 ophthalmiatrice.

235 458 371 512 taractam
392 452 545 512 sanandam
570 453 721 512 methodos
742 453 889 531 hucusque
912 453 1056 512 institutas
1078 454 1156 514 etin
1182 454 1370 515 instrumenta

237 538 312 597 hunc
336 540 363 596 in
385 558 465 596 usum
485 539 607 602 inventa.
651 538 783 615 Gotting.
809 535 901 602 1821.
927 535 957 603 8.
994 544 1075 612 (Cum
1098 545 1156 596 tab.
1178 561 1240 597 eeu.
1265 544 1370 598 iustru-

239 629 325 673 menta
343 620 501 686 exhibente.)

195 691 320 771 Adelph.
348 694 440 752 Fridr.
469 692 721 751 Psotenhauer
749 691 854 772 (praes.
881 693 1039 753 Burkhard.
1072 691 1147 752 Guil.
1172 693 1273 770 Seiler)
1310 694 1367 753 cui·

237 785 344 837 trorum
365 783 601 836 ceratotomorum
623 783 652 835 et
673 778 885 854 cystitomorum
909 779 948 837 ad
973 777 1173 837 extrahendam
1198 784 1367 838 cataractam

237 865 361 924 historia.
405 864 500 924 Viteb.
526 857 614 924 1895.
635 857 668 924 4.

194 949 282 1008 Heur.
304 948 509 1006 Lachmann
537 948 781 1005 instrumentorum
813 948 851 1005 ad
878 966 997 1004 corneae
1022 947 1174 1006 sectionem
1200 948 1230 1006 in
1257 954 1365 1008 catara-

236 1044 299 1093 ctae
320 1034 492 1092 extractione
516 1033 715 1108 perficiendam
735 1034 911 1091 inventorum
940 1033 1090 1111 descriptio
1116 1034 1257 1097 historica.
1290 1033 1364 1095 Dim.

237 1120 332 1195 inaug.
344 1119 416 1177 Cum
427 1113 447 1176 3
458 1117 535 1176 tabb.
546 1137 608 1178 aen.
621 1117 749 1193 Gotting.
766 1113 859 1180 1821.
871 1114 917 1190 8.;
933 1118 1084 1194 Bruusvig.
1102 1113 1193 1177 1832.
1206 1114 1328 1196 (1834.)
1336 1115 1364 1184 8.

403 1270 492 1352 dd·
543 1268 838 1353 Formosae
872 1269 1147 1373 pupillae·

194 1410 241 1473 Jo.
261 1408 428 1468 Ehreufried
453 1408 545 1467 Maur.
573 1407 706 1466 Miriler
733 1409 799 1465 diss.
825 1407 920 1483 inaug.
953 1408 1055 1465 sistens
1090 1408 1291 1467 methodorum
1320 1414 1363 1467 at-

237 1513 294 1572 que
313 1496 560 1555 instrumentorum
585 1493 623 1550 ad
646 1493 781 1570 pupillam
798 1494 970 1552 artificialem
991 1494 1168 1552 formandam
1187 1495 1362 1554 inventorum

238 1581 392 1642 historiam.
416 1580 488 1637 Cum
509 1577 568 1640 tab,
590 1597 651 1642 aen,
674 1578 762 1636 Jenae
784 1573 876 1640 1825.
898 1574 929 1638 4.

193 1666 240 1727 W.
266 1664 424 1723 Mensert
450 1663 705 1740 geschiedhondige
719 1663 927 1738 Verhaudeliug
949 1681 1017 1721 over
1030 1664 1068 1720 de
1088 1664 1214 1741 operatie
1234 1668 1280 1723 tot
1300 1684 1362 1724 ror·

235 1751 316 1825 ming
335 1770 390 1808 vau
411 1769 463 1808 een
485 1748 634 1823 hunstigeu
660 1747 812 1825 oogappel,
841 1750 981 1806 beneveus
1007 1747 1043 1806 de
1065 1748 1261 1825 Beschrijring
1282 1769 1362 1809 eeuer

235 1837 344 1894 nieuwe
364 1837 469 1893 monier
490 1853 535 1891 om
562 1833 677 1891 dezeive
697 1834 770 1891 door
786 1853 855 1891 eene
870 1834 1065 1908 tweevondige
1078 1833 1241 1892 osdubbele
1257 1836 1362 1894 Scbaar

235 1928 266 1979 te
286 1920 536 1995 bewerkstelligen.
579 1919 721 1980 Amsterd.
765 1913 857 1981 1828.
879 1913 909 1978 8.
948 1917 1012 1976 Corn
1034 1919 1104 1976 duab
1128 1921 1198 1978 tcbb.
1224 1939 1287 1983 oen.

191 2139 414 2260 XIX.
482 2139 891 2258 Bistonum
945 2139 1170 2259 natis
1220 2141 1361 2265 ab·

546 2295 1009 2415 stetreoe'ne.

502 2509 562 2583 a.
634 2483 1048 2584 Generatim.

190 2658 268 2720 Frid.
290 2654 427 2714 Kuoile
446 2656 526 2734 epist.
551 2658 588 2715 de
610 2658 676 2714 artis
698 2656 875 2715 obstetricias
896 2657 1021 2720 historia.
1064 2654 1237 2733 Argentinae
1265 2650 1358 2717 1738.

233 2738 281 2815 4.;
302 2742 372 2802 ibid.
398 2735 491 2802 1773.
506 2738 536 2800 4.
558 2747 671 2815 (Brevis
694 2746 831 2800 enarratio
851 2762 937 2816 usque
958 2747 995 2800 ad
1019 2747 1137 2799 auctoris
1158 2748 1306 2817 tempora.)

191 2829 336 2908 Alphonse
353 2824 441 2884 Louis
466 2827 587 2885 Vincent
611 2826 728 2906 Leroy
750 2828 777 2885 la
797 2829 928 2905 pratiqua
948 2829 998 2886 des
1022 2828 1263 2902 accouchements‚
1292 2846 1359 2886 con-

233 2917 332 2971 tenent
354 2911 487 2969 l'histoire
508 2913 625 2988 critique
646 2914 683 2971 de
703 2915 730 2972 ia
749 2914 876 2971 doctrine
898 2918 927 2972 et
948 2913 1032 2971 dela
1053 2914 1184 2993 pratiqne
1208 2912 1262 2971 des
1283 2912 1359 2992 priu-

234 2998 334 3076 cipaux
361 2997 557 3070 accoucheurs‚
581 2999 628 3074 qui
657 3008 708 3057 ont
729 3019 800 3074 paru
827 2999 925 3076 depuis
947 2998 1121 3077 Hippocrate
1143 2997 1239 3073 jusqu’
1262 2997 1281 3055 a
1307 3017 1358 3056 nos

231 3084 318 3159 jours,
383 3081 459 3138 Paris
481 3077 574 3145 1776.
598 3079 627 3142 8.
650 3117 690 3126 -
720 3083 846 3141 German.
874 3091 940 3145 cert.
968 3090 993 3142 et
1020 3087 1099 3143 auxit
1123 3083 1169 3142 Jo.
1194 3080 1358 3141 Nusche:

231 3167 455 3228 Literarhistorie
486 3168 545 3225 und
567 3168 737 3245 practischer
758 3170 919 3227 Unterricht
942 3169 970 3227 in
998 3171 1049 3227 der
1074 3168 1361 3244 Entbiudungskuust

232 3274 259 3312 u.
284 3271 306 3316 s,
329 3273 363 3310 w.
386 3249 484 3329 Leipz.
508 3272 535 3313 u.
560 3253 749 3329 Memmingen
771 3249 862 3315 1779.
883 3251 912 3313 8.
949 3266 1079 3333 (Historia
1101 3266 1166 3319 artis
1190 3265 1359 3319 obstetricias

232 3352 317 3403 usque
334 3334 369 3386 ad
386 3334 527 3386 novissima
544 3345 677 3406 tempora3
696 3335 797 3406 reliqua
815 3353 877 3405 pars
894 3337 994 3406 operis,
1012 3335 1150 3390 mediocria
1168 3343 1260 3401 certa,
1277 3335 1359 3389 lucen

232 3404 361 3475 publicam
376 3419 505 3471 nunquam
523 3402 612 3472 vidit.)

189 3477 304 3554 (Pierre)
332 3478 399 3533 Sue
428 3477 465 3550 (ie
482 3475 577 3554 jeune)
611 3496 705 3554 essays
732 3476 900 3552 historiques
925 3477 1073 3536 litte'raires
1097 3482 1126 3536 et
1151 3476 1287 3552 critiques
1314 3495 1360 3536 sur

230 3563 294 3620 l'art
315 3564 365 3619 des
395 3562 612 3620 accouchemeus
635 3583 673 3621 ou
692 3562 853 3620 recherches
877 3582 924 3620 sur
946 3564 986 3621 les
1011 3568 1165 3638 coutumes,
1187 3560 1228 3620 les
1249 3580 1359 3621 moeurs

231 3653 261 3706 ct
281 3648 321 3705 les
343 3664 445 3720 usages
467 3646 516 3703 des
539 3648 651 3705 anciens
676 3655 705 3705 et
729 3648 779 3705 des
801 3648 950 3706 modemes
973 3649 1045 3706 dans
1071 3648 1112 3706 les
1140 3646 1359 3707 accouchemens

230 3739 283 3790 etc.
308 3728 419 3790 avon.
442 3729 520 3787 Paris
540 3726 630 3793 1779.
653 3727 683 3791 8.
708 3766 746 3776 -
771 3731 914 3791 German:
936 3732 1069 3791 Gelebrte
1084 3753 1110 3791 u.
1135 3731 1268 3791 kritische
1289 3732 1360 3791 Ver-

230 3817 317 3874 suche
337 3815 413 3874 einer
437 3814 605 3874 Geschichte
627 3818 678 3875 der
698 3816 908 3880 Geburtsbiilfe.
929 3805 1071 3877 antuus.
1093 3811 1357 3894 Altenburgl786.

230 3895 322 3961 1787.
348 3894 377 3957 8·
397 3913 522 3983 (copiosa
540 3915 585 3968 sed
604 3933 656 3967 non
673 3914 738 3967 satis
752 3922 878 3969 scemata
895 3914 1055 3986 disquisitio,
1074 3930 1141 3985 quae
1160 3913 1239 3968 etiarn
1257 3914 1357 3969 inver-

230 3981 304 4036 sione
322 3982 411 4035 Germ.
429 3983 518 4035 metior
536 3985 607 4037 facta
625 4002 676 4037 non
695 3985 756 4051 est.)

186 4055 245 4117 Jos.
283 4054 470 4128 Weydlich
509 4054 602 4114 Lehre
628 4058 678 4115 der
706 4056 905 4115 Geburtshilfe.
928 4054 956 4115 l.
978 4056 1069 4116 Theii.
1103 4055 1187 4114 Wien
1210 4050 1305 4118 1797.
1328 4049 1357 4114 8.

231 4135 386 4203 (Historiam
405 4135 519 4188 continet
537 4137 601 4189 artis
621 4138 788 4191 obstetricias
806 4157 856 4191 non
874 4138 940 4190 adeo
958 4140 1045 4207 magni
1063 4136 1233 4202 taciendam.)

186 4208 295 4272 Friedr,
317 4209 399 4284 Beuj.
426 4208 606 4267 Osiander
633 4209 783 4270 Lehrbuch
811 4213 862 4270 der
888 4211 1183 4287 Entbindungshuust.
1213 4206 1241 4269 l.
1265 4208 1357 4270 Tbeil.

229 4292 428 4352 Litterarische
454 4295 511 4352 und
532 4297 737 4372 pragmatische
762 4296 931 4356 Geschichte
956 4298 1046 4355 dieser
1065 4295 1170 4354 Kunst.
1198 4294 1358 4372 Giittingen

230 4373 321 4472 7799.
348 4375 377 4439 8.
400 4391 487 4461 (Opus
506 4391 643 4461 diiigenter
661 4401 688 4449 et
705 4395 739 4449 ad
753 4396 836 4450 bonos
849 4397 935 4450 fontes
947 4394 1123 4467 compositum,
1142 4392 1256 4464 partium
1268 4390 1356 4447 studio

230 4460 357 4515 interdum
374 4461 449 4516 nimis
465 4461 612 4531 intentum.)
