2874 4974
176 286 239 355 122
624 288 764 350 Medicina
789 290 907 368 magica.

175 445 277 510 Justin.
314 441 453 502 Kerner
488 439 677 503 Nachrichten
710 463 766 502 son
799 444 864 502 dem
891 441 1080 523 Vorlrommen
1111 444 1163 503 des
1193 442 1347 504 Besesseu-

218 548 311 608 seym,
338 529 414 588 eines
431 528 829 605 dimouiseh-magnetischeu
854 527 987 602 Leidens,
1008 531 1067 589 und
1087 529 1181 588 seiner
1198 530 1287 588 sehon
1308 531 1345 587 im

216 613 376 675 Alterthum
398 614 556 672 bekannten
578 613 703 690 Heilung
726 615 814 672 durch
841 615 1197 690 magisch-magnetisches
1223 615 1345 673 Einwir-

218 701 281 762 lcen.
326 698 548 757 Sendschreiben
573 700 686 758 auden
716 698 1004 758 Obermedicinalrath
1031 699 1175 778 schelling
1194 701 1223 759 in
1250 701 1346 758 Stutt·

217 791 289 863 gart.
332 786 478 860 stuttgart
499 783 557 842 und
578 781 730 860 Augsburg
754 779 845 844 1836.
873 778 903 848 8.

176 871 252 934 Guil.
273 869 422 930 Tooker
443 869 578 926 charisma
600 887 621 926 s.
647 870 753 927 donum
778 870 921 949 sanitatis,
947 888 970 928 s.
996 868 1144 948 explicatio
1170 869 1342 946 quaestionis

217 958 244 1015 in
268 956 345 1013 dono
367 954 484 1012 sanandi
506 959 625 1011 strumas
650 973 783 1012 concesso
805 954 918 1030 regibus
940 951 1068 1033 Angliae.
1100 953 1192 1013 Lond.
1205 949 1298 1018 1597.
1313 949 1341 1013 4.

218 1036 309 1107 (Opus
327 1033 457 1103 Theologi
474 1044 502 1088 et
519 1034 701 1088 Ecclesiastici
718 1037 745 1088 in
763 1034 822 1089 aula
840 1035 976 1090 Elisabeth
995 1035 1102 1104 reginae
1121 1035 1285 1105 anglorum.)

174 1108 264 1171 Andr.
288 1107 514 1168 Laurentius
546 1107 644 1181 (Andr.
668 1108 838 1188 Dulaurens)
876 1111 913 1168 de
938 1110 1054 1169 mirabili
1081 1115 1200 1166 strumas
1224 1107 1344 1166 sanandi

217 1196 245 1254 vi
268 1195 334 1253 solis
356 1193 463 1252 Galliae
483 1194 597 1269 regibus
620 1193 859 1252 Christianissimis
880 1195 1011 1253 divinitus
1032 1213 1163 1254 concessa
1182 1193 1251 1252 liber
1271 1211 1344 1252 unus

217 1287 247 1341 et
268 1281 305 1338 de
325 1284 623 1354 strumarumnatura,
649 1280 822 1352 differentiis,
846 1280 945 1354 causis,
966 1281 1119 1351 curatione,
1142 1297 1214 1355 quae
1233 1280 1268 1337 fit
1283 1286 1344 1338 arte

217 1372 248 1426 et
268 1365 403 1424 industria
422 1364 529 1421 medica
551 1364 597 1424 lib.
621 1363 699 1426 alter.
743 1365 830 1423 Puris.
861 1360 951 1423 1609.
977 1360 1007 1423 8.
1035 1397 1076 1409 -
1097 1363 1193 1422 Berua.
1213 1367 1244 1423 iu
1269 1365 1342 1442 Opp.

221 1447 297 1516 (Cum
315 1446 374 1516 ipse
391 1452 514 1513 tanquam
532 1445 662 1498 archiater
683 1445 772 1514 regius
788 1446 815 1499 in
834 1446 907 1498 hisce
925 1445 1075 1498 ceremoniis
1093 1452 1236 1515 occupatus
1254 1444 1343 1512 fuerit,

219 1524 344 1570 accurate
362 1531 408 1569 eas
426 1513 564 1578 describit3
584 1515 634 1566 rim
653 1514 736 1584 ipsam
754 1533 803 1584 pro
822 1516 909 1568 divina
927 1516 1014 1583 gratia
1026 1516 1105 1569 habet
1116 1515 1267 1568 clodovaeo
1280 1532 1344 1568 oon·

220 1602 304 1650 cessa,
322 1583 460 1653 unicuique
479 1583 583 1636 Galliae
601 1584 659 1652 regi
676 1584 736 1636 dein
755 1602 855 1654 semper
872 1585 1024 1651 inhaerens,
1042 1602 1093 1638 non
1111 1601 1175 1638 vero
1193 1584 1343 1653 dynastiis.)

173 1659 201 1726 J.
236 1658 393 1717 Barbier
432 1656 470 1714 les
500 1655 669 1714 miraculeux
696 1657 777 1715 effets
806 1659 842 1717 de
869 1657 897 1715 la
927 1659 1023 1717 sacrae
1053 1658 1128 1716 main
1154 1658 1204 1715 des
1226 1659 1283 1715 rois
1307 1657 1344 1716 de

214 1744 325 1804 Franco
351 1761 425 1820 pour
452 1741 480 1798 la
509 1742 640 1817 guerison
670 1742 720 1800 des
745 1743 877 1802 maladies
906 1748 935 1802 et
959 1763 1033 1822 pour
1055 1743 1083 1801 la
1105 1742 1271 1801 conversiou
1293 1744 1344 1801 des

215 1829 384 1903 heretiques.
427 1824 509 1901 Lyon
532 1821 625 1889 1618.
655 1821 684 1885 8.

173 1912 220 1978 Jo.
245 1913 342 1975 doech.
368 1911 569 1986 Zentgraff
591 1912 679 1991 (resp.
706 1912 777 1971 Geo.
803 1912 890 1974 Henr.
915 1911 1006 1987 Petri)
1037 1911 1111 1988 disp.
1133 1912 1170 1970 de
1194 1917 1273 1970 tactu
1299 1930 1343 1971 re-

216 1999 261 2074 gis
284 1997 430 2069 Franciae,
452 2015 509 2071 quo
532 1999 643 2055 strumis
661 1999 821 2056 laborantes
841 1997 1032 2061 restituuntur.
1064 1996 1158 2059 Viteb.
1180 1991 1274 2057 1667.
1296 1994 1342 2070 4.;

216 2083 283 2142 ibid.
320 2077 410 2143 1669.
445 2076 494 2152 4.;
530 2081 597 2144 ibid.
634 2077 725 2147 1675,
750 2078 780 2141 4.
826 2088 954 2155 (Parvum
973 2086 1022 2138 sed
1042 2088 1139 2139 bouum
1162 2087 1342 2156 opusculum.)

173 2169 274 2229 Meta
298 2168 369 2244 disp.
398 2167 435 2225 de
463 2174 540 2227 tactu
567 2169 643 2245 regis
670 2170 699 2226 iu
725 2168 824 2226 morbo
849 2167 1013 2227 scrofuloso.
1062 2163 1342 2244 Virceburg.1675.

176 2254 249 2317 will.
271 2253 409 2311 Bechet
438 2252 548 2329 inquiry
576 2253 635 2312 into
663 2254 713 2312 the
740 2252 879 2331 antiqnity
907 2254 942 2310 os
963 2252 1098 2330 touching
1124 2253 1168 2310 for
1189 2253 1239 2312 the
1260 2253 1343 2330 lsings

216 2338 277 2402 evil.
321 2337 415 2397 Lond.
441 2332 533 2396 1722.
555 2333 585 2397 8.

173 2425 242 2489 Sim.
264 2423 334 2482 Paul
356 2422 528 2482 Hilscher
553 2423 618 2481 diss.
646 2424 683 2482 de
713 2440 781 2481 cura
805 2428 973 2480 strumarum
1000 2427 1132 2481 contactu
1153 2421 1233 2498 regio
1257 2422 1342 2489 facta.

214 2511 302 2568 Jenae
327 2503 419 2570 1730.
443 2503 472 2566 4.

173 2593 222 2668 (L.
244 2593 438 2666 Choulant)
466 2592 520 2652 Die
541 2593 665 2670 Heilung
686 2594 736 2652 der
757 2590 885 2650 Scrofeln
907 2591 996 2650 durch
1015 2590 1212 2668 Kbnigshand.
1255 2588 1343 2650 Dra

216 2681 272 2739 cleu
303 2674 393 2741 1833.
421 2673 452 2738 4.
489 2682 545 2751 (Ad
573 2683 769 2736 scandinavise
789 2682 893 2734 veteris
914 2681 984 2734 ritus
1004 2681 1144 2735 reducitur
1163 2697 1228 2733 usus
1248 2697 1344 2750 regum

215 2759 326 2831 Angliae
341 2767 369 2814 et
388 2758 491 2813 Gallias
508 2760 667 2816 scrofulosos
685 2769 712 2815 et
730 2769 872 2814 strumosos
895 2766 1009 2813 tumores
1026 2765 1189 2829 perunctum
1208 2757 1343 2827 sanandi.)

268 2935 305 3019 f·
356 2933 677 3039 astrologia
708 2939 765 3020 ct
789 2929 1245 3018 rhabdonrumttu.

171 3068 308 3132 Laureut.
331 3070 502 3149 Phrysius
523 3073 610 3132 kurze
631 3072 792 3132 Schirmred
817 3074 868 3131 der
889 3072 985 3131 Kuust
1004 3068 1165 3147 Astrologie
1180 3071 1270 3130 wider
1290 3090 1343 3129 un·

214 3157 394 3233 verstiindige
410 3157 525 3216 Richter
543 3159 602 3216 und
617 3155 748 3217 Autwort
761 3160 813 3217 auf
821 3159 866 3217 die
881 3155 1014 3216 Aureden
1029 3156 1087 3214 und
1099 3155 1210 3232 Fragen
1221 3154 1345 3214 Luthers

216 3261 249 3301 so
273 3261 303 3301 er
324 3242 488 3301 unsdrmlich
508 3244 594 3302 wider
615 3244 691 3302 diese
705 3244 799 3303 Kuust
819 3244 923 3319 gethan
935 3242 994 3300 hat.
1038 3240 1192 3318 Strasburg
1208 3236 1301 3300 1520.
1314 3235 1343 3299 4.

172 3327 217 3392 Jo.
247 3326 347 3391 Ludw.
370 3328 472 3387 Hann
482 3347 577 3387 eman
599 3328 824 3406 Vertheidigung
843 3329 893 3386 der
909 3326 1071 3403 Astrologie
1083 3361 1121 3370 -
1134 3327 1201 3385 dass
1213 3327 1261 3385 dic
1275 3325 1344 3385 Chi-

213 3414 350 3472 romantie
372 3415 430 3472 und
458 3413 670 3492 Metoposcopie
691 3433 741 3472 aus
768 3416 818 3472 der
842 3411 936 3471 Natus
961 3414 1075 3471 lciinuen
1097 3410 1251 3490 behauptet
1272 3430 1345 3471 wer-

215 3499 279 3562 den.
322 3497 471 3575 Hamburg
493 3496 584 3564 1699.
607 3495 636 3563 4.
670 3503 908 3573 βὶοιιῒίιιιιαῐίοιιεε
927 3503 1004 3570 duas,
1025 3502 1138 3572 primam
1154 3502 1249 3554 eodem
1263 3518 1344 3570 anno,

215 3579 323 3632 alteram
340 3579 424 3632 serius
442 3580 539 3648 dedit.)

172 3651 272 3712 Claud.
295 3650 494 3711 Salmasius
511 3655 677 3730 (Saumaise)
699 3656 736 3713 de
757 3654 836 3713 annis
857 3651 1044 3713 climactericis
1063 3657 1093 3711 et
1112 3650 1230 3727 antiqua
1250 3654 1346 3708 astro·

214 3735 291 3812 logia
313 3735 457 3796 diatribae.
499 3736 595 3814 Lugd.
618 3741 682 3802 Bat.
706 3736 798 3802 1648.
820 3735 849 3799 8.
881 3744 1005 3811 (Vnst-um
1025 3759 1093 3811 opus
1114 3741 1224 3810 plenum
1250 3739 1344 3793 variae

216 3816 384 3882 eruditionis3
408 3818 446 3871 ita
469 3819 559 3872 Helles
580 3820 641 3876 bibl.
665 3821 731 3877 med.
757 3828 843 3892 praet.
868 3819 990 3886 11.5'ls;
1022 3834 1105 3872 annus
1129 3815 1255 3871 editionis
1275 3816 1344 3872 1678

214 3886 252 3939 ibi
268 3885 397 3939 indicatus
420 3887 589 3956 corrigendus
615 3889 730 3957 ridetur,
757 3907 813 3942 cum
837 3889 866 3944 S.
888 3890 941 3957 jam
960 3906 1002 3943 ao.
1021 3887 1088 3942 1653
1106 3888 1174 3940 diem
1191 3903 1342 3958 supremum

215 3955 320 4020 obierit,
339 3972 422 4024 neque
440 3956 491 4009 hoc
509 3976 574 4027 opus
592 3958 660 4012 iuter
677 3960 734 4027 ejus
752 3958 888 4028 posthuma
906 3957 1033 4010 numerari
1052 3955 1158 4025 soleat.)

171 4031 216 4090 Jo.
238 4029 377 4087 Bernhart
399 4029 578 4110 Quistorp
608 4051 702 4110 progr.
733 4032 761 4090 in
789 4049 846 4107 quo
870 4032 966 4109 paucis
991 4032 1108 4108 exponit
1128 4036 1255 4088 veterum
1279 4028 1344 4108 phi·

213 4114 394 4192 losophorum
416 4120 445 4172 et
465 4115 672 4192 astrologorum
698 4117 734 4175 de
755 4117 835 4174 anuis
857 4116 1043 4175 climactericis
1069 4115 1239 4195 opinionem.
1282 4114 1345 4174 Bo·

172 4193 565 4364 Joptgcpi)hll‡b.}}etin
605 4285 740 4362 Beitrige
778 4305 829 4344 zur
860 4285 1061 4345 litterariseben
1092 4283 1261 4344 Gesehishte
1295 4284 1345 4343 der

214 4369 454 4433 ll'iinschelruthe.
497 4369 639 4431 hlimcht‘n
666 4366 757 4436 1801.
775 4367 804 4431 4.
831 4378 902 4445 (cfr.
917 4376 1015 4431 Pieres
1035 4375 1149 4444 Allgem.
1169 4374 1267 4428 medic.
1289 4373 1342 4428 An·

215 4449 267 4509 nal.
288 4449 361 4508 1808.
379 4450 478 4508 8180
498 4454 553 4524 sq.)
