2874 4974
129 297 170 360 52
565 295 705 358 Medicina
729 299 856 376 antiqua.

131 455 221 516 Dietr.
243 454 315 513 Geo.
337 453 469 512 Kieser
493 452 562 510 iiber
591 451 645 511 das
672 452 845 530 Vergnirgen
870 471 908 512 aa
934 453 1094 530 tragirchen
1121 452 1302 530 (103001110-

174 541 246 613 den,
268 538 513 617 psychologischer
538 537 719 597 Commentar
739 541 811 600 iiber
834 538 946 598 Lucret.
975 539 1011 598 11.
1035 534 1142 603 1-4.
1186 537 1302 598 Gottin-

174 644 230 702 gcn
252 621 343 685 1809.
364 620 394 684 8.

547 772 603 828 CC.
659 757 908 828 Plantae.¹

134 899 206 957 Geo.
230 897 336 975 Wolfg.
360 897 488 957 Wedel
509 898 546 956 de
567 897 666 955 morbo
689 905 718 956 et
746 896 834 955 herba
856 895 1001 956 solstitiali.
1051 896 1300 978 (111100111ῐί-

175 1003 279 1045 namm.
310 991 363 1042 act.
386 979 417 1044 2.
437 1002 476 1048 sc.
502 977 531 1040 4.
560 1003 586 1045 v.
620 978 690 1041 141.
719 987 747 1041 et
777 983 905 1058 pseudol.
937 987 991 1040 act.
1021 977 1048 1041 1.
1070 1003 1109 1045 sc.
1133 978 1161 1046 l.
1183 1001 1211 1044 v.
1233 976 1299 1060 36.)

176 1071 240 1129 Jen.
263 1064 355 1131 1690.
376 1065 405 1130 4.
438 1103 480 1112 -
515 1065 613 1128 Recor.
644 1071 675 1125 in
708 1067 809 1126 Wedel
841 1087 928 1131 exerc.
955 1069 1028 1126 med.
1050 1067 1146 1146 philol.
1171 1066 1253 1126 Cent.
1276 1066 1298 1124 1.

178 1156 239 1213 dee.
263 1149 292 1216 6.
322 1175 350 1215 0.
373 1150 402 1216 3.
447 1157 551 1223 (Mora.
568 1156 645 1210 solst.
659 1174 719 1209 esse
730 1156 866 1226 phthisim
888 1159 988 1210 herbas
1008 1158 1085 1211 solat.
1103 1158 1210 1229 plantas
1227 1173 1298 1224 esse,

178 1253 246 1306 quae
264 1236 335 1287 circa
352 1233 458 1287 solstitii
475 1243 574 1303 tempus
593 1233 635 1288 rel
652 1233 810 1286 flaccescunt
829 1236 870 1287 vel
887 1237 1039 1302 metantur.)

135 1342 177 1355 -
201 1342 244 1353 —
266 1311 302 1367 de
324 1309 423 1366 morbo
446 1309 599 1385 insputato.
656 1307 715 1382 (Aa
734 1307 824 1365 Plauti
845 1311 946 1385 captiv.
973 1315 1027 1370 act.
1048 1302 1077 1366 3.
1103 1327 1141 1369 sc.
1163 1302 1209 1384 4.)
1236 1305 1299 1368 Jen.

177 1388 270 1454 1689.
292 1389 321 1451 4.
338 1425 378 1438 -·-
394 1391 489 1455 Recae.
504 1395 536 1450 in
546 1393 646 1452 chel
658 1412 746 1454 exerc.
766 1394 840 1451 med.
856 1393 951 1471 philol.
973 1394 1054 1453 Ceut.
1066 1392 1087 1450 1.
1112 1393 1172 1450 dcc.
1187 1386 1217 1453 4.
1229 1410 1256 1448 0.
1267 1384 1299 1449 8.

135 1515 178 1526 -
201 1511 243 1524 -
268 1480 304 1536 ‹le
325 1480 418 1536 resina
441 1476 585 1555 Aegyptia
605 1477 704 1536 Plauti.
729 1475 788 1555 (Ad
810 1477 927 1541 Mereat.
949 1485 1003 1542 act.
1027 1474 1054 1537 l.
1076 1496 1115 1535 sc.
1137 1472 1166 1536 2.
1188 1495 1215 1539 v.
1233 1469 1299 1556 27.)

176 1564 239 1623 Jen.
261 1558 352 1622 1700.
374 1558 403 1626 4.
436 1596 479 1608 -
513 1561 611 1624 Beana
639 1566 669 1620 in
694 1563 796 1622 Wedcl
828 1583 916 1626 exerc.
949 1565 1023 1624 med.
1049 1560 1144 1643 philol.
1170 1561 1252 1620 Ceut
1277 1558 1298 1618 1.

178 1652 238 1710 dcc.
262 1644 312 1710 10.
334 1668 360 1705 0.
382 1642 413 1705 4.
457 1653 541 1721 (Esse
561 1651 721 1721 masticem.)

516 1833 575 1890 Ill).
634 1833 913 1906 Virgilian.

135 1959 163 2024 1.
187 1957 221 2018 F.
247 1957 341 2017 Kolb
362 1957 546 2036 psychologia
566 1957 674 2034 Virgilii
695 1958 733 2016 ad
746 1956 817 2016 Aen.
832 1958 881 2016 vl.
901 1952 1079 2019 704-751.
1166 1951 1298 2019 17714.

134 2044 169 2110 Δ.
192 2045 217 2102 1.
244 2044 400 2103 Retaius
425 2045 496 2100 flora
524 2043 685 2118 Virgiliana.
728 2042 813 2101 Lund
843 2038 934 2102 1809.
960 2038 991 2102 8.
1035 2048 1115 2114 (cfr.
1137 2048 1237 2100 Frena.
1264 2045 1298 2097 ‹le

177 2125 261 2180 Paula
278 2124 432 2179 Schrank
450 2126 561 2192 plantae
576 2126 747 2196 Virgilianae
761 2142 816 2176 cum
830 2125 1004 2178 recentiorum
1013 2123 1198 2193 maoapmiciu
1209 2122 1299 2176 Ueteri

179 2195 273 2250 deleat.
291 2194 435 2265 opusculor.
459 2194 547 2249 butan.
565 2193 601 2248 11.
621 2191 710 2260 1793.)

134 2265 202 2328 Ant.
227 2267 312 2326 Laur.
334 2265 505 2344 Apollinaire
523 2265 548 2323 F
555 2266 595 2324 ie
615 2268 686 2325 flore
708 2267 744 2323 de
768 2266 875 2341 Virgile
900 2286 939 2324 ou
959 2265 1167 2324 nomenclatore
1187 2264 1297 2326 metho-

178 2354 264 2430 dique
287 2359 316 2411 ct
338 2353 455 2428 critique
477 2352 527 2409 des
548 2349 675 2430 plantes,
707 2351 788 2407 sruits
810 2359 837 2409 et
862 2352 990 2427 produits
1014 2350 1176 2426 vegetables
1199 2351 1298 2408 menti·

177 2439 267 2498 oanis
293 2439 363 2496 dans
388 2436 428 2495 les
451 2454 589 2513 ouvrages
610 2444 664 2495 etc.
708 2435 785 2494 Paris
807 2431 899 2495 1822.
921 2430 951 2500 8.
980 2469 1019 2481 —-
1051 2433 1145 2495 Extat
1169 2439 1250 2494 etiam
1269 2438 1299 2494 ia

177 2545 237 2603 epp.
268 2523 381 2599 Virgilii
405 2526 435 2581 in
459 2519 616 2579 collectione
636 2520 770 2579 Lemaire.

135 2609 233 2690 (Mich.
257 2608 422 2682 Tenore)
446 2607 644 2665 Osservazioni
664 2606 735 2665 sulla
755 2611 826 2666 flora
846 2606 1007 2683 Virgiliana.
1039 2603 1145 2685 Napoli
1160 2599 1253 2669 1806.
1268 2599 1297 2664 8.

178 2691 294 2759 (Contra
310 2687 367 2742 Fee
385 2688 525 2759 disputat.)

133 2764 180 2828 1ο.
203 2763 263 2820 Jac.
284 2760 432 2821 Kirsten
455 2760 652 2819 commentatio
675 2760 702 2818 in
723 2759 831 2835 Virgilii
852 2780 977 2819 versum:
1010 2756 1083 2818 Alba
1110 2759 1228 2836 ligustra
1253 2779 1298 2818 ca·

176 2849 259 2919 dunt,
280 2846 403 2904 vaccinia
422 2847 504 2922 nigra
517 2846 657 2921 leguntur.
679 2844 782 2903 Altorf.
805 2841 896 2906 1764.
918 2841 947 2904 4.
975 2849 1031 2917 (Ad
1042 2852 1076 2903 V.
1088 2846 1177 2918 eclog.
1192 2849 1230 2903 Π.
1242 2849 1298 2917 18.)

134 2931 205 2996 Fab.
226 2931 360 2990 Devoti
382 2932 409 2989 in
435 2932 563 3007 aenigma
587 2929 744 2988 Damoetae
769 2932 804 2989 de
829 2931 896 2989 caeli
917 2932 1007 3008 spatio
1028 2931 1158 2990 interris
1184 2930 1298 3006 quibas-

177 3018 243 3076 dam
264 3021 322 3074 tres
344 3035 402 3074 non
422 3017 539 3095 amplius
561 3015 641 3074 ulnas
667 3022 780 3091 patente
801 3017 1023 3074 commentarius.
1066 3016 1150 3074 Rom.
1165 3010 1255 3076 1763.
1267 3011 1296 3074 8.

177 3097 231 3164 (ad
240 3096 334 3165 Virgil.
344 3097 427 3166 eclog.
436 3097 485 3154 111.
497 3097 569 3163 1⁰43
588 3098 637 3154 cfr.
654 3097 721 3152 Geo.
735 3097 815 3165 Carp.
832 3097 1050 3150 Kirchmaier
1067 3098 1169 3154 etDan.
1179 3097 1297 3170 stepf-

178 3184 240 3221 ucr
258 3167 410 3235 disquisitio
427 3168 463 3219 acl
485 3168 560 3238 Virg.
580 3169 599 3221 1.
616 3185 637 3220 a.
654 3175 707 3218 etc.
731 3166 819 3222 Viteb.
835 3165 909 3222 1666.
928 3168 965 3233 4.)

135 3241 208 3303 Geo.
236 3239 344 3315 Wolfg.
374 3239 500 3298 Wedel
532 3240 746 3317 propempticon
778 3240 872 3316 inaug.
899 3241 935 3299 de
956 3237 1056 3297 amello
1077 3238 1194 3315 Virgilii.
1237 3238 1296 3298 Jen.

178 3321 270 3386 1686.
292 3320 322 3384 4.
344 3358 387 3368 -
407 3323 502 3382 Recta.
516 3327 547 3382 in
560 3323 662 3383 Wedel
673 3343 760 3382 exerc.
775 3326 848 3385 med.
860 3324 955 3403 philol.
973 3324 1055 3383 Ceut.
1071 3323 1091 3382 1.
1110 3325 1170 3383 dec.
1182 3319 1213 3388 3.
1230 3344 1259 3384 0.
1269 3318 1297 3386 5.

178 3409 231 3476 (Ad
249 3405 324 3475 Virg.
344 3406 511 3475 Gearg.1V.
529 3404 607 3471 271.;
625 3422 684 3458 esse
702 3405 807 3458 meliloti
826 3422 917 3474 genus,
935 3422 1003 3458 nnnc
1021 3407 1098 3458 Actor
1115 3405 1260 3475 acmellas.)

136 3513 178 3525 -
202 3513 246 3525 -
270 3481 306 3538 de
327 3498 405 3537 ramo
433 3498 517 3537 anreo
541 3478 656 3555 Virgilii.
689 3477 750 3556 (Aa
770 3479 840 3543 Aen.
863 3478 911 3540 Vl.
934 3473 1019 3556 137.)
1062 3478 1125 3537 Jen.
1153 3471 1246 3538 1700.
1270 3472 1297 3536 4.

178 3563 274 3630 Recur.
305 3567 335 3621 in
372 3564 471 3622 Wedel
507 3583 595 3622 exerc.
628 3565 701 3622 med.
734 3563 829 3643 philol.
862 3563 943 3621 Cent.
970 3563 990 3621 1.
1033 3563 1093 3621 dec.
1128 3558 1177 3621 10.
1213 3583 1241 3622 0.
1270 3558 1298 3622 3.

180 3645 277 3714 (Scnru
293 3643 468 3697 alehcmietico
486 3645 636 3698 sumendum
654 3662 711 3697 esse
729 3655 755 3696 et
773 3646 860 3697 forsan
879 3644 911 3696 de
929 3643 1069 3697 antimonio
1090 3644 1277 3712 cogitandum.)

137 3716 182 3777 10.
205 3718 291 3776 Henr.
318 3716 479 3774 Schulze
506 3736 603 3792 progr.
635 3718 672 3775 de
699 3717 804 3775 artibus
826 3717 908 3774 mutis
930 3720 966 3775 ad
988 3718 1182 3775 illustrandum
1207 3717 1300 3793 Virgi-

181 3803 257 3881 lium,
283 3801 399 3859 Aeneid.
421 3801 483 3859 Xll.
506 3796 577 3862 397.
621 3801 686 3859 Hal.
713 3798 803 3862 1730.
829 3798 859 3860 4.
911 3807 1033 3873 (Mutum
1048 3814 1133 3859 artem
1150 3806 1299 3860 dieimedi-

183 3883 266 3936 einum
285 3884 318 3936 ob
335 3882 491 3953 Telesphorl
510 3898 567 3934 cum
585 3882 750 3954 Harpocrate
774 3883 926 3936 affinitatem
951 3894 979 3937 et
997 3884 1030 3937 ob
1048 3883 1075 3937 in
1092 3883 1248 3955 templorum
1264 3882 1300 3938 si-

184 3952 263 4006 lentio
280 3954 365 4006 lactus
382 3951 581 4018 incubationes.)

139 4023 208 4084 Phil.
229 4025 319 4087 Henr.
343 4024 499 4082 Boecler
525 4025 560 4082 dc
585 4025 723 4084 medicina
745 4024 854 4100 Virgilii
874 4023 946 4088 Aen.
972 4025 1035 4089 Xll.
1050 4018 1121 4086 391.
1142 4030 1239 4084 mutae
1258 4043 1301 4084 ur·

181 4112 217 4168 tis
237 4110 318 4167 titulo
339 4109 479 4184 insignita.
521 4105 672 4184 Argentor.
696 4103 787 4172 1740.
809 4107 838 4168 4.

138 4195 184 4253 10.
207 4195 289 4254 Mich.
313 4195 447 4251 Gasser
478 4213 574 4269 progr.
603 4195 640 4252 de
660 4194 765 4252 artibus
798 4188 926 4274 (mutis)
953 4195 991 4252 ad
1016 4194 1114 4256 illustr.
1136 4192 1235 4270 Virgil.
1251 4193 1300 4252 loc.

181 4278 251 4340 Aen.
274 4278 337 4342 Xll.
359 4272 429 4337 397.
472 4277 564 4337 Halae
589 4272 680 4338 1751.
702 4273 733 4338 4.
1183 4329 1200 4366 0
1315 4267 1324 4284 ³

139 4362 239 4424 Franc.
272 4363 450 4424 Atterbur
457 4384 476 4440 y
507 4363 665 4422 reflectione
692 4383 729 4422 on
755 4363 802 4423 the
827 4363 969 4423 character
999 4364 1034 4422 of
1050 4363 1129 4442 Japis
1150 4363 1179 4423 in
1203 4361 1302 4439 Virgil,

181 4469 224 4521 or,
245 4450 293 4509 the
313 4450 456 4510 character
478 4449 515 4507 ol
530 4446 671 4508 Antorim
692 4448 784 4529 Musa,
805 4447 950 4528 physician
970 4454 1001 4509 to
1023 4447 1178 4526 Augustas.
1210 4445 1303 4509 Lana
