2874 4974
139 325 201 391 180
643 325 798 405 chirurgia.

183 479 401 543 Wundaraneik.
443 479 542 539 Eriurt
557 472 648 540 1757.
665 499 692 560 p.
705 473 861 541 28-35.
890 490 1051 559 (crucam,
1067 490 1193 546 agam
1209 491 1242 546 ue
1257 506 1314 546 me.

185 565 289 617 dicineo
305 561 475 633 chirurgicos
490 561 655 631 antiquitate
672 568 699 615 et
715 560 885 632 praeetantia
901 570 929 615 et
944 560 1120 615 Enumeratio
1138 560 1312 630 alphabetico

185 633 302 686 uirorum
325 632 483 695 illustrium,
509 631 555 700 gui
578 647 633 683 reru
655 631 834 702 chirurgicum
860 632 901 684 oet
923 631 1032 701 ecriptis
1049 632 1091 684 oei
1108 632 1177 683 ortis
1193 647 1245 682 aru
1264 645 1312 682 ea·

185 704 323 755 coluerunt
338 701 364 753 in
383 699 426 767 uj.
444 698 596 753 collectione
614 698 770 768 chirurgica.
791 698 887 768 Tigurl
906 699 982 752 1555.
1000 700 1030 763 f..
1049 696 1274 765 111393-108.)

142 771 230 833 Andr.
257 773 366 834 Ottom.
401 772 577 832 Goeliclre
605 773 718 831 historia
743 773 899 849 chirurgiae
922 773 1039 849 antiqua
1063 791 1114 832 seu
1140 775 1311 850 conspectus

183 858 380 938 plerorumque
400 858 423 915 ei
448 877 504 916 non
530 855 652 916 omnium
676 857 842 935 ecriptorum
863 862 998 934 veterum,
1022 857 1070 934 qui
1092 876 1109 917 a
1130 856 1225 935 primic
1240 855 1309 915 artis

183 944 307 1003 medicae
329 942 501 1002 incunabulis
528 960 618 1018 usque
638 941 675 1000 ad
703 941 826 1002 seculum
855 942 992 1002 decimum
1020 942 1148 1019 quintum
1175 940 1310 1001 iuciueire

183 1029 355 1104 chirurgicen
381 1028 511 1106 operibue
531 1028 587 1085 suis
609 1032 787 1087 exornarunt.
842 1025 907 1087 Hal.
937 1020 1028 1090 1718.
1056 1021 1088 1087 8.
1116 1059 1159 1073 -
1181 1025 1308 1102 Ejued.

183 1113 299 1174 historia
319 1111 473 1188 chirurgiae
493 1111 632 1172 recentior
652 1131 701 1171 seu
727 1112 812 1171 series
828 1111 1041 1192 plerorumque,
1065 1111 1089 1170 si
1107 1130 1164 1170 noa
1183 1110 1309 1170 omnium

184 1199 349 1276 scriptorum
369 1197 595 1273 novissimorum,
617 1197 665 1273 qui
689 1197 783 1257 seculo
809 1197 917 1256 decimo
944 1203 1024 1256 reato
1054 1201 1082 1256 et
1104 1196 1176 1255 circa
1198 1195 1308 1255 initium

184 1282 269 1343 seculi
299 1281 397 1341 decimi
427 1282 537 1361 septimi
567 1281 739 1358 chirurgicen
769 1283 899 1361 operibus
927 1282 984 1342 suis
1014 1282 1196 1345 illustrarunt.
1239 1278 1307 1341 flu.

186 1362 276 1429 1713.
298 1362 328 1427 8.
351 1371 480 1435 (Minoris
501 1371 627 1425 momenti
642 1371 794 1442 opuecula.)

142 1451 186 1515 Jo.
211 1451 329 1512 Zachar.
354 1450 501 1512 Platuer
527 1453 564 1512 de
585 1451 723 1530 chirurgia
743 1453 811 1512 artie
831 1452 956 1513 medicae
989 1456 1093 1511 arente.
1120 1447 1199 1530 Lips.
1212 1442 1305 1512 1721.

183 1535 278 1602 4.-
304 1536 391 1597 Redit
414 1541 445 1596 in
466 1537 564 1614 Ejusd.
587 1556 698 1616 opuscc.
718 1544 785 1601 tom.
808 1536 842 1596 11.
869 1556 936 1617 pag.
959 1470 988 1596 lp
985 1532 1084 1599 -10.
1106 1570 1148 1582 -
1175 1533 1305 1601 German.

181 1627 212 1682 in
233 1622 398 1699 Sammlung
418 1623 523 1699 einiger
544 1622 651 1681 liciaco
674 1623 813 1682 Schriiien
834 1642 899 1681 vom
919 1621 1069 1701 Urepruug
1080 1621 1131 1681 der
1146 1620 1308 1681 Wundarz·

183 1708 312 1803 nailruust
333 1712 387 1770 etc.
431 1707 528 1802 Eriurt
551 1701 642 1772 1757.
667 1727 733 1787 pag.
758 1702 912 1768 11-28.
944 1720 999 1806 φο
1018 1718 1195 1774 vernationem
1210 1722 1306 1787 aemy-

184 1789 256 1843 thrca
274 1788 419 1855 chirurgiae
438 1788 546 1843 historia
563 1795 591 1843 et
609 1789 642 1842 de
660 1789 837 1858 chirurgorum
853 1789 880 1842 in
891 1789 979 1844 Gellia
995 1787 1143 1843 conditione
1155 1787 1306 1858 quaedem.)

141 1859 246 1924 Abrah.
272 1861 379 1920 Vates
404 1880 499 1939 progr.
525 1863 562 1920 de
588 1862 743 1939 chirurgiae
769 1862 937 1939 antiquitate
961 1869 990 1922 et
1011 1863 1149 1940 dignitate
1170 1867 1200 1921 et
1221 1858 1306 1920 colle·

184 1949 293 2024 giorum
316 1946 533 2023 chirurgicorum
559 1946 686 2007 utilitate.
729 1941 968 2007 7111817884.
995 1958 1063 2026 (Cir.
1082 1959 1174 2014 dudm.
1197 1957 1305 2011 Chou-

184 2030 261 2082 iant
279 2028 322 2080 dio
343 2027 487 2098 Chirurgie
504 2029 538 2081 ias
551 2029 695 2097 friheoten
711 2029 872 2083 Mittelatter
890 2028 916 2082 in
931 2028 1018 2084 Hiser
1032 2027 1129 2082 Archiv
1146 2029 1191 2082 ihr
1205 2027 1304 2097 dioge-

182 2103 290 2151 sammte
306 2094 430 2162 Modicia,
447 2096 497 2152 Bd.
516 2097 534 2149 l.
560 2097 589 2155 S.
606 2096 788 2166 ali-435.)

139 2170 183 2233 Jo.
207 2169 278 2228 Geo.
305 2169 444 2228 Maurer
466 2168 655 2229 Vademecum
676 2171 871 2248 chirurgicum,
892 2170 980 2230 warin
1002 2170 1053 2228 der
1076 2169 1230 2250 Urepruug
1246 2168 1305 2228 und

182 2255 228 2314 die
249 2254 363 2331 heutige
387 2254 613 2314 Beechaffenheit
639 2257 690 2314 der
718 2256 865 2334 Chirurgie
889 2257 1043 2316 entuorieu
1070 2256 1148 2315 wird.
1192 2252 1304 2315 scheff-

180 2340 286 2399 hausen
312 2333 402 2403 1781.
424 2334 453 2399 8.
478 2374 522 2386 -
551 2340 646 2400 Recus.
674 2341 720 2400 rud
747 2342 839 2400 titulo:
866 2341 1039 2401 Griiadliche
1063 2339 1228 2418 Einleituug
1254 2357 1304 2399 aur

179 2425 336 2501 chirurgia.
378 2424 494 2486 Franks.
517 2445 544 2488 u.
566 2424 663 2505 Leipa.
690 2420 781 2487 1787.
811 2421 841 2486 8.

137 2509 303 2587 Sammlung
331 2511 436 2588 einiger
466 2509 575 2571 kleinen
604 2530 661 2571 von
689 2511 852 2572 beriihmteu
880 2507 1002 2571 Aerzten
1023 2509 1144 2570 vormalo
1171 2509 1200 2581 jn
1223 2507 1304 2569 latei·

179 2596 287 2655 uiacher
302 2595 428 2674 Sprache
451 2595 716 2672 heransgegcbeaea
739 2597 879 2656 Schrilien
901 2616 957 2656 von
985 2597 1049 2656 dem
1071 2595 1219 2675 Urepruug
1242 2592 1303 2652 und

179 2682 235 2741 den
261 2680 438 2741 Schiclrsnleu
465 2682 515 2741 der
545 2681 827 2741 Wundaraneikuust.
881 2681 935 2740 Mu
954 2682 1123 2757 Beiiiigung
1145 2681 1221 2740 eines
1242 2678 1303 2738 Re·

177 2766 274 2843 sponsi
297 2767 346 2824 der
371 2767 468 2825 medic.
490 2765 622 2826 Facult‘a't
637 2787 673 2827 au
698 2766 792 2827 Haila:
825 2766 862 2826 ob
888 2767 934 2826 die
959 2767 987 2827 iu
1013 2764 1167 2843 Niirnberg
1191 2763 1302 2824 befind-

177 2849 267 2909 iichen
294 2851 423 2909 Barbirer
445 2853 501 2909 und
529 2851 704 2911 Wundiirate
726 2853 842 2912 unrochi
867 2853 988 2928 gethan,
1017 2852 1082 2910 dass
1100 2851 1139 2908 sie
1164 2849 1301 2909 richron

177 2935 323 3011 gemeiuen
348 2936 640 2997 Handwerlrsziiniten
661 2938 858 2996 abzusondern
887 2937 990 2996 unchen
1013 2937 1071 2995 und
1101 2935 1138 2993 ob
1163 2935 1204 2994 sie
1225 2934 1301 2994 nicht

177 3020 247 3079 eben
272 3020 359 3078 souol
384 3020 424 3079 als
447 3021 492 3080 die
516 3020 676 3100 Apotheker
697 3024 746 3081 iiic
770 3021 947 3099 Angehiirige
979 3023 1029 3081 des
1052 3015 1301 3097 Collegii'Medici

176 3123 212 3164 au
234 3103 328 3164 hulten
353 3104 438 3164 sindi
464 3104 710 3184 NebstBeilagen.
736 3100 935 3168 8111111757.
949 3102 978 3167 8.
1015 3119 1069 3183 (Ex
1093 3125 1208 3189 quatuor
1229 3116 1300 3172 hisce

176 3185 402 3240 disecrtationibus
421 3186 488 3240 duae
503 3195 601 3241 tentum
614 3188 647 3241 ad
660 3188 791 3242 historiam
805 3186 950 3258 pertinent,
969 3188 1026 3244 scil.
1049 3188 1159 3241 Platner
1176 3188 1210 3241 de
1229 3186 1299 3240 chir-

174 3255 259 3327 urgia
283 3257 352 3308 artis
364 3257 492 3341 'medianae
508 3264 621 3342 parente
641 3264 669 3312 et
687 3258 799 3342 dicuogt
817 3259 861 3340 de·
864 3257 938 3325 satis
947 3257 1125 3340 chirurgiae,
1144 3272 1212 3326 quas
1232 3254 1299 3309 dixi·

173 3341 238 3447 ii.
255 3325 394 3462 111ἓέ11.
403 3325 516 3466 “suli
530 3326 877 3466 111ἳὲ1111’“1““·
894 3342 955 3379 ‘⁰¹¹¹
974 3324 1053 3391 Μ’
1073 3325 1214 3395 “h''¹⁸‘⁸⁰¹
1233 3323 1298 3380 ⁰¹'¹'

131 3466 258 3543 Benjam.
282 3466 405 3527 Gooch
431 3488 448 3527 a
470 3469 600 3547 practioal
624 3469 737 3528 trectise
759 3488 795 3527 on
817 3469 935 3527 uounds
961 3474 1013 3529 ete.
1039 3467 1095 3526 aad
1116 3485 1133 3525 a
1154 3463 1298 3525 111111111-

174 3550 286 3609 storica!
310 3559 429 3611 account
450 3555 485 3612 oi
505 3555 553 3613 the
574 3555 628 3612 riae
647 3554 703 3612 and
729 3572 860 3634 progress
882 3553 917 3612 oi
937 3570 1054 3631 surgery
1074 3551 1132 3611 and
1157 3555 1297 3628 anatomy.

174 3633 306 3695 Noruich
332 3631 422 3699 1767.
444 3634 473 3698 8.
504 3652 582 3716 (Ant.
607 3652 720 3706 Portal
736 3651 848 3705 histoire
864 3652 896 3704 de
919 3650 1070 3704 i’anatoruie
1086 3656 1112 3703 et
1126 3647 1160 3704 de
1174 3649 1205 3705 la
1225 3649 1298 3704 ohtr-

174 3719 261 3788 urgic.
304 3715 380 3770 Paris
400 3716 508 3775 1770-
520 3717 595 3776 1773.
613 3720 655 3787 85
683 3722 743 3775 vide
759 3737 839 3791 supra
858 3737 918 3791 pag.
938 3720 1011 3788 142.)

133 3803 282 3888 (Brenni)
304 3804 484 3883 Dujardin
506 3808 620 3869 histoire
642 3812 679 3872 de
700 3810 727 3869 la
748 3810 885 3885 chirurgia
900 3809 998 3889 depuis
1013 3826 1064 3867 son
1082 3808 1193 3887 origine
1203 3801 1298 3884 juequ’

174 3891 266 3949 inca
286 3890 374 3967 jonrs.
397 3890 474 3953 hvec
499 3893 568 3972 figg.
589 3894 672 3955 Tam.
694 3894 715 3955 L
738 3894 816 3954 Paris
841 3887 933 3956 1774.
958 3890 987 3954 4.
999 3893 1092 3954 ‹Tom
1106 3893 1145 3956 11.
1166 3892 1299 3975 1111811-

174 3976 244 4034 nard
266 3974 441 4054 Peyrilhe.
485 3978 562 4038 Paris
586 3975 676 4046 1780,
699 3977 728 4044 4.
754 3993 815 4061 (His
826 3989 1106 4046 dnobusvoluminibus
1116 3989 1206 4063 operis
1218 3988 1297 4044 editio

175 4055 286 4110 nondum
310 4057 343 4111 ed
367 4058 442 4111 linem
461 4060 585 4129 perducta
611 4069 665 4129 ert,
688 4061 806 4133 quamvls
829 4078 875 4119 ms.
899 4061 1014 4116 existere
1030 4058 1126 4115 dicitur
1145 4057 1297 4114 Parisiiela

173 4125 329 4180 bibliotheca
346 4127 505 4182 Professoris
523 4136 583 4184 Ant.
601 4131 720 4199 Dubois.)

131 4211 207 4292 (Nic.
233 4214 396 4297 Riegele)
418 4216 530 4295 Forsog
551 4219 582 4278 til
603 4220 783 4298 Chirurgiens
807 4220 931 4281 historia.
963 4218 1133 4279 Kiobuhavu
1157 4211 1250 4279 1787.
1269 4209 1297 4275 8.

174 4297 288 4360 Latine:
322 4302 366 4362 De
398 4302 462 4360 satis
495 4304 592 4363 iuuetis
625 4311 653 4364 et
685 4306 812 4366 iniauotis
838 4305 1010 4381 chirurgiae,
1044 4322 1097 4363 nec
1124 4322 1185 4362 non
1213 4301 1297 4381 ipsius

175 4383 315 4446 interdum
336 4386 520 4446 indissolubili
540 4389 657 4449 amicitia
684 4409 746 4449 cum
764 4391 902 4450 medicina
926 4389 1083 4466 ceterisque
1106 4387 1208 4447 studiis
1232 4386 1297 4446 libe·

175 4468 321 4531 ralioribue
345 4471 381 4531 ab
405 4472 490 4553 ipsius
521 4473 629 4552 origine
655 4476 694 4535 ad
715 4480 813 4536 noetra
834 4493 923 4553 nsque
947 4480 1075 4555 tempora
1101 4470 1297 4534 commentatio
