2874 4974
654 297 786 360 Galenus.
1264 295 1307 359 49
1328 358 1333 373 .

126 458 158 518 J.
185 455 373 517 Hermann
392 473 489 535 progr.
511 454 549 513 ad
571 451 727 511 orationem
747 450 938 526 inauguralem
959 449 988 513 J.
1002 449 1037 512 F.
1063 450 1223 513 Ehrmanni.
1250 454 1305 514 dr·
1378 459 1382 467 ‘

176 550 253 620 gent.
283 536 374 602 1782.
398 542 417 599 s.
476 543 624 614 (Continet
638 542 852 612 descriptionem
866 539 995 594 editionis
1010 541 1325 618 latinaeGaleui›opp.·

177 626 273 678 Vacat.
293 621 369 677 1490.
387 622 428 690 t.)

128 696 287 759 Villiers
308 696 390 755 lettre
414 713 461 753 sur
485 692 612 752 l'edition
636 710 759 768 grccque
784 696 813 750 et
834 690 921 750 latine
945 691 995 750 des
1017 711 1135 752 oeuvres
1161 695 1303 775 d’Hippo·

176 790 255 842 crate
280 782 367 840 etde
389 780 505 838 Galene.
538 778 617 836 Paris
643 770 736 836 1776.
761 772 792 839 4.
836 771 1007 858 (Editionam
1022 782 1227 838 Charterianam
1243 805 1303 840 car-

177 865 236 986 pit}
270 869 345 1000 aptat
367 861 446 916 etiam
471 859 498 912 in
525 857 624 913 Goulin
641 857 775 912 memoires
793 874 859 928 pour
876 858 961 912 servir
979 860 995 912 h
1012 858 1138 915 l’histoire
1153 863 1187 916 de
1204 862 1230 917 la
1247 869 1303 918 me·

195 950 279 986 wine.

130 1006 201 1070 Chr.
224 1005 346 1065 Godofr.
368 1001 513 1062 Gruner
542 1020 638 1080 progr.
661 1001 805 1060 continens
831 1001 970 1079 specimen
991 1003 1193 1063 correctionum
1214 1006 1304 1067 Gale·

176 1092 302 1151 nicarum
323 1088 359 1147 ab
381 1087 508 1167 Casparo
531 1088 695 1148 Hosmanno
716 1086 782 1143 olim
803 1086 1031 1163 conscriptarum.
1074 1086 1136 1148 Jen.
1159 1077 1252 1151 1776.
1272 1093 1303 1152 4.

178 1173 277 1242 (Casp.
296 1170 331 1225 H.
349 1169 423 1224 Prot.
442 1168 600 1234 Altorfinus‚
627 1166 835 1220 commentarium
853 1167 880 1219 in
898 1165 994 1219 Galeni
1011 1168 1092 1222 libros
1109 1170 1252 1242 scripserat
1268 1174 1303 1228 26

180 1240 249 1295 Volt
259 1239 442 1302 continentem,
461 1238 505 1308 qui
515 1255 561 1294 ms.
571 1238 597 1290 in
609 1236 792 1290 bibliothecam
802 1237 946 1301 Thomasii‚
960 1254 1028 1306 quae
1037 1237 1227 1311 Norimbergae
1235 1251 1303 1310 crat,

177 1310 240 1363 dein
266 1326 329 1363 vero
355 1308 501 1361 Londinum
528 1308 555 1360 in
573 1307 635 1360 bibl.
653 1306 827 1359 Askevianam
845 1307 981 1375 parvenit,
1021 1308 1069 1359 sed
1087 1326 1214 1379 nunquam
1232 1314 1303 1383 typis

178 1395 291 1433 excusus
316 1388 365 1432 eat.
411 1377 489 1429 Aliud
507 1394 569 1429 vero
589 1376 699 1445 Caspari
717 1376 751 1430 Η.
770 1392 836 1444 opus
853 1392 900 1430 ms.
920 1374 1054 1430 continens
1071 1381 1262 1435 emendationes
1277 1383 1304 1436 in

178 1447 276 1501 Gelani
294 1447 432 1500 editionem
446 1445 528 1500 Basil.
548 1444 629 1512 1588,
684 1462 731 1499 uas
753 1443 814 1497 inde
833 1446 867 1497 ab
886 1461 953 1498 anno
974 1445 1041 1500 1619
1059 1462 1141 1516 usque
1159 1450 1194 1502 ad
1211 1468 1304 1504 anuum

180 1517 249 1570 1622
267 1519 475 1585 conscripserat,
498 1516 524 1566 in
544 1515 659 1567 Gruneri
666 1463 857 1567 bibliothecam
875 1515 1009 1582 pervenit,
1040 1517 1085 1584 qui
1103 1517 1153 1570 hoc
1169 1537 1304 1589 program-

180 1594 250 1640 mate
264 1586 395 1656 specimen
412 1584 481 1639 illius
498 1583 618 1650 exhibct3
637 1584 685 1638 cir.
704 1584 780 1636 Murr
796 1583 905 1636 Journal
922 1584 970 1641 IV,
989 1578 1023 1639 70
1040 1587 1091 1655 sq.)

135 1676 206 1735 Car.
238 1675 302 1734 Glo.
328 1675 431 1733 Kiihn
461 1694 557 1753 progr.
590 1675 663 1732 inest
695 1674 833 1752 specimen
869 1676 1128 1734 commentariorum
1154 1676 1252 1736 Galeni
1276 1680 1305 1739 in

179 1760 363 1839 Hippocratis
384 1760 482 1818 librum
505 1762 541 1818 de
564 1759 737 1831 humoribus,
762 1760 888 1817 noudum
911 1778 1012 1835 graece
1037 1761 1183 1820 editorum.
1226 1763 1305 1844 Lips.

182 1841 276 1905 1819.
297 1842 328 1905 4.
381 1851 395 1914 (
403 1850 554 1902 Secundum
569 1849 629 1901 cod.
647 1866 695 1902 ms.
711 1847 801 1901 Paris.
816 1848 964 1917 Darmarii,
990 1850 1045 1903 vid.
1064 1851 1160 1903 Galen.
1177 1870 1242 1924 opp.
1257 1854 1304 1907 ed.

180 1927 271 1993 liuba,
286 1926 364 1980 Tora.
382 1925 454 1980 XVI.
473 1944 498 1996 p.
518 1924 641 1993 1-488.)

134 2033 180 2045 -
214 2034 259 2047 —-
290 2020 386 2078 progr.
411 2000 484 2058 inest
514 2001 700 2074 fragmentum
722 2016 877 2076 synopseos
909 1999 1009 2056 Galeni
1033 1999 1166 2060 librorum
1193 2022 1307 2063 snorum

180 2085 249 2145 XVl
272 2085 309 2144 (le
332 2085 468 2163 pulsibus,
493 2103 592 2160 graece
614 2085 740 2141 nondum
761 2085 861 2142 editae.
891 2079 1078 2162 11331824.
1100 2083 1129 2143 4.
1175 2093 1306 2158 (Secund.

180 2184 229 2220 ms.
247 2166 472 2304 bllllmhmheiioe
489 2166 591 2232 Havn.;
627 2165 728 2236 plenius
751 2164 778 2217 in
795 2165 891 2218 Galeui
911 2183 970 2236 opp.
992 2165 1039 2220 ed.
1058 2167 1144 2234 Kirhn,
1163 2168 1307 2228 Τοω.11(.

182 2253 246 2306 1²⁸8·
315 2267 347 2280 ·
403 2277 409 2290 ·

138 2310 337 2389 symphorian.
359 2309 442 2367 Cam
449 2308 570 2386 perius
600 2306 797 2384 (Campegius‚
821 2306 984 2386 Champier)
1005 2309 1149 2384 speculum
1171 2311 1229 2369 sive
1250 2315 1309 2392 epi-

182 2400 261 2453 tome
285 2393 386 2453 Galeni
411 2413 433 2457 s.
456 2392 580 2451 Galenus
606 2392 791 2454 abbreviatus.
825 2391 920 2467 Lugd.
946 2387 1036 2454 1516.
1058 2389 1099 2466 8.,
1121 2396 1158 2453 ib.
1175 2390 1265 2455 1517.
1278 2394 1308 2456 8.

139 2476 232 2539 Andr.
254 2477 399 2537 Lacuna
421 2480 542 2556 epitome
564 2477 664 2535 Galeni
688 2495 811 2554 operum.
854 2477 939 2534 Basil.
966 2472 1053 2535 1561.
1077 2479 1095 2540 f.
1118 2485 1144 2536 el
1168 2484 1284 2558 saepire.

142 2598 183 2610 -
204 2596 249 2607 -
270 2565 391 2643 epitome
412 2565 535 2621 omnium
559 2582 651 2621 rerum
672 2569 702 2619 et
727 2562 941 2632 sententiarum,
981 2581 1054 2638 quae
1082 2571 1180 2622 notatu
1207 2566 1310 2642 dignae

183 2651 212 2708 iu
234 2650 437 2708 commentariis
459 2647 560 2706 Galeni
582 2649 610 2706 in
631 2647 834 2726 Hippocratem
856 2654 960 2710 extant.
1005 2648 1106 2710 Venet.
1130 2645 1221 2708 1541.
1247 2648 1278 2711 8.

140 2750 242 2810 Frauc.
258 2750 460 2811 Valleriola
484 2749 537 2808 loci
558 2749 735 2811 medicinales
756 2769 924 2810 communes.
947 2749 1046 2808 Venet.
1061 2745 1151 2809 1563.
1164 2745 1193 2811 8.
1215 2751 1310 2831 Lugd.

187 2831 280 2897 1589.
302 2832 332 2896 8.
376 2836 481 2894 Genev.
509 2831 600 2894 1664.
623 2829 651 2894 8.
697 2840 796 2905 (Index
811 2856 899 2891 rerum
914 2840 942 2890 iu
957 2839 1056 2891 Galeni
1071 2841 1150 2910 opp.)

142 2920 239 3000 Aloys.
263 2920 452 2980 Mundella
477 2922 616 2979 theatrum
643 2919 743 2978 Galeni
764 2921 791 2978 h.
813 2940 837 2978 e.
861 2921 1006 2979 universae
1030 2921 1184 2980 medicinae
1205 2942 1223 2981 a
1251 2924 1310 2983 Ga·

183 3007 249 3066 leno
264 3005 374 3151 Idglpgse
393 3007 566 3084 sparsimque
587 3007 707 3064 traditae
730 3006 940 3084 promtuarium.
975 3005 1060 3064 Basil.
1077 3000 1169 3066 1568.
1191 3009 1222 3083 s.,
1252 3010 1311 3068 Co·

183 3091 241 3150 lon.
349 3094 394 3150 .l.

144 3176 219 3241 Guil.
242 3175 434 3234 Ballouius
455 3175 597 3252 (Baillou)
621 3175 813 3234 definitionum
836 3177 1005 3234 medicarum
1026 3175 1096 3233 liber
1116 3176 1145 3235 iu
1167 3197 1223 3255 quo
1238 3178 1311 3258 Hip-

183 3262 306 3340 pocratis
332 3267 361 3320 et
387 3261 487 3320 Galeui
520 3260 639 3320 obscura
668 3261 730 3319 loca
759 3261 939 3340 explicantur.
996 3260 1082 3319 Paris.
1109 3257 1201 3324 1646.
1224 3259 1252 3321 4.
1283 3272 1312 3322 et

183 3346 263 3405 inO
307 3389 313 3403 .

145 3431 216 3494 Geo.
242 3367 321 3490 Fllll.
344 3431 509 3507 Sigwart
530 3429 618 3509 (resp.
641 3429 715 3488 Guil.
741 3428 819 3487 Frid.
841 3428 943 3508 Jilger)
966 3428 1125 3504 fragmenta
1151 3430 1310 3506 dynamices

183 3516 561 3595 Hippocratico-Galeuicae,
583 3516 687 3593 sparsis
713 3516 899 3573 monumentis
920 3514 1069 3572 memoriae
1091 3516 1213 3592 prodita.
1249 3516 1311 3576 Tu-

183 3602 261 3678 bing.
288 3594 380 3661 1759.
405 3597 436 3662 4.
463 3635 505 3644 -
530 3601 627 3665 Reuss.
660 3604 689 3659 r'o
720 3599 874 3676 Baldinger
904 3598 1008 3658 selecta
1039 3619 1135 3678 opusc.
1180 3599 1310 3679 Gotting.

87 3737 90 3744 ,
185 3680 280 3746 1782.
303 3704 370 3764 pag.
392 3680 570 3746 250-276.

145 3769 404 3916 63691ἀέ63.
427 3773 573 3831 Hecker
594 3769 826 3849 sphygmologiae
851 3768 1002 3828 Galeuicae
1026 3771 1174 3849 specimen.
1217 3772 1310 3834 Berol.

145 3939 187 4005 Jo.
215 3941 302 4000 Conr.
324 3941 574 4018 Brotbequius
602 3943 638 4001 de
660 3940 791 4017 catalepsi
814 3958 831 3997 a
857 3939 967 3998 Galeno
994 3941 1142 4018 descripta.
1186 3941 1310 4020 Tubing.

186 4022 280 4086 1660.
290 4019 321 4086 4.
353 4029 820 4099 (Adeommenc.in1>r0rrhet.a.
837 4028 879 4096 90,
897 4029 1193 4086 ed.Ki1hnXV1.683
1210 4034 1267 4102 sq.)
1341 4071 1346 4083 .

146 4107 278 4170 Matthias
300 4110 410 4170 Theod.
439 4111 660 4171 Melauelius
686 4111 722 4168 de
750 4109 931 4169 melancholia
951 4129 1002 4169 seu
1023 4116 1101 4168 atrae
1125 4111 1186 4169 bilis
1212 4114 1310 4171 morbo

184 4216 220 4254 cx
245 4196 355 4269 Galem,
377 4196 456 4255 Rulfi
478 4207 507 4257 et
527 4197 600 4256 Aelii
615 4194 800 4255 voluminibus
817 4194 995 4255 collectanea.
1019 4193 1164 4273 Antwerp.
1177 4193 1268 4257 1540.
1280 4194 1310 4259 4.

147 4295 245 4356 Daniel
268 4297 435 4356 Halbach
460 4318 528 4357 von
551 4299 613 4355 der
635 4296 773 4354 Porleu
796 4298 831 4354 de
854 4299 1056 4373 cognoscendis
1071 4303 1099 4355 et
1110 4300 1239 4357 curandis
1252 4301 1310 4358 aui-

184 4384 222 4441 mi
245 4383 348 4441 morbis
370 4402 403 4441 ex
425 4384 524 4443 Galeui
546 4383 692 4440 sententia.
734 4381 915 4457 Regiomont.
942 4378 1032 4440 1515.
1058 4379 1087 4446 4.

147 4462 217 4532 Dan.
237 4467 325 4529 Wilh.
348 4467 485 4531 Triller
505 4469 666 4528 exercitatio
689 4469 726 4526 de
747 4467 835 4524 macie
860 4469 986 4545 corporis
1011 4486 1044 4525 ex
1070 4465 1216 4527 obsidione
1240 4489 1309 4528 eon-

1038 4562 1060 4626 4
