2874 4974
571 323 697 383 Historia
717 322 859 389 naturalis.
1241 329 1301 395 131

126 482 172 541 Jo.
195 480 260 544 Glo.
289 476 495 537 Schneider
520 477 690 536 literarischc
718 476 853 553 Beitrige
889 496 940 536 zur
968 476 1221 556 Naturgeschiehte
1248 506 1300 547 aus

173 567 229 625 den
255 564 341 637 alten,
366 562 528 638 vorzirglich
554 582 604 621 aus
624 566 681 621 den
710 563 928 622 Schriftstelleru
953 565 1003 623 des
1025 561 1072 628 13.
1084 567 1299 637 Jahrhunderts.

171 651 327 710 Frankfurt
341 670 367 706 u.
383 647 479 725 Leipz.
494 643 585 708 1786.
597 644 627 708 8.
650 661 726 726 (lude
747 661 832 714 serius
856 668 948 714 enatae
971 672 1032 717 sunt
1049 667 1166 732 Ejusd.
1194 675 1302 743 eclogae

171 732 372 869 iiiiia‘pi}
383 730 509 866 {illim
531 729 603 783 1801.
627 729 651 786 8,
681 733 730 787 cfr.
749 731 940 784 Biicherkuude
956 733 998 785 hir
1016 734 1058 787 die
1075 737 1158 792 dltere
1176 740 1300 809 Mediciu,

129 876 199 937 Chr.
226 874 290 932 Glo.
312 873 438 950 Heyne
459 871 590 929 historiae
615 871 748 929 naturalis
772 873 933 949 fragmenta
956 893 990 933 ex
1018 880 1143 954 ostentis,
1165 883 1301 960 prodigiis

173 965 202 1018 et
223 957 361 1018 monstris.
406 956 535 1032 Gottiug.
567 951 657 1016 1784.
685 950 779 1015 1785.
805 953 835 1016 4.
857 991 900 1002 -
925 957 1115 1022 Scribebamus
1134 969 1239 1025 nomine
1258 969 1301 1026 Jo.

174 1043 269 1121 Sceps.
295 1041 393 1100 Rarior
415 1047 440 1099 et
464 1042 573 1100 redeunt
593 1045 624 1099 in
645 1040 684 1100 H.
708 1042 816 1121 Opusc.
839 1045 917 1102 acad.
943 1045 1067 1108 Vollll.
1080 1068 1108 1126 p.
1122 1045 1301 1112 198-215

173 1136 202 1189 et
223 1122 414 1200 255—274.
443 1139 582 1207 (Meteon,
594 1147 787 1207 terraemotus,
800 1142 881 1195 imber
892 1142 1014 1212 lapidum,
1022 1151 1049 1198 et
1061 1146 1170 1212 cruoris,
1185 1147 1303 1203 flammae

174 1229 191 1264 e
209 1218 279 1262 terre
298 1217 471 1278 erumpentes,
490 1226 618 1277 aquarum
631 1210 772 1276 eluviones,
790 1210 945 1281 plantarum,
959 1215 1103 1267 animalium
1116 1225 1239 1287 monstra,
1254 1219 1303 1272 hu-

174 1296 268 1333 manae
285 1287 394 1332 naturae
413 1279 555 1348 prodigia.)

129 1354 209 1413 Jutes
228 1354 370 1428 Berger
393 1349 444 1427 (de
461 1349 580 1426 Xivray)
601 1352 749 1410 traditione
768 1351 993 1430 teratologiques
1008 1375 1045 1414 ou
1060 1358 1142 1415 recits
1160 1359 1196 1416 de
1211 1356 1303 1418 l'anti-

175 1439 253 1514 quitd
284 1444 313 1495 et
340 1438 379 1493 du
405 1456 507 1512 moyen
538 1440 591 1511 age
617 1456 652 1495 en
684 1436 822 1496 Occident
848 1457 894 1496 sur
923 1440 1058 1516 quelques
1090 1444 1184 1519 points
1213 1444 1249 1502 de
1276 1445 1305 1503 la

175 1524 260 1595 fahle,
283 1524 319 1581 de
344 1522 520 1579 merveilleux
541 1528 571 1578 et
592 1522 629 1580 de
653 1521 789 1580 l’histoire
809 1524 1095 1602 naturelle,“publides
1113 1524 1224 1605 d'aprds
1240 1528 1305 1606 plu-

175 1609 263 1666 sieurs
282 1608 447 1665 manuscrits
464 1607 566 1664 inedits
585 1626 675 1684 grecs,
697 1607 823 1665 latins'et
834 1610 915 1667 vieux
926 1611 1053 1685 francais,
1080 1611 1158 1670 Paris
1171 1608 1261 1672 1837.
1273 1608 1303 1677 8.

131 1693 177 1756 Jo.
200 1693 248 1754 Fr.
270 1691 309 1755 Μ.
330 1711 356 1749 v.
380 1691 504 1750 Olfers
526 1692 576 1748 die'
591 1692 759 1750 Ueberreste
778 1693 979 1752 vorweltlicher
1003 1697 1193 1756 Riesenthiere
1207 1699 1305 1757 inBe-

174 1778 296 1853 zlehung
319 1797 354 1833 zu
377 1776 597 1836 Ostasiatisehen
620 1776 716 1852 Sagen
742 1779 801 1836 und
829 1778 1028 1839 Chinesischen
1057 1781 1207 1845 Schriften.
1251 1783 1304 1842 Mil

175 1859 196 1921 5
220 1861 442 1921 Holzschnitten.
483 1860 578 1919 Berlin
602 1856 692 1920 1840.
715 1855 745 1920 4.

157 2031 247 2115 dd·
284 2028 552 2113 Historia
575 2029 863 2113 naturalis
885 2033 1282 2119 recentiorem

133 2189 206 2249 Knrl
227 2208 254 2252 v.
278 2189 373 2246 Baer
396 2185 465 2244 zwei
487 2186 586 2245 Worte
611 2186 681 2244 iiber
703 2187 758 2245 den
776 2187 901 2263 jetzigen
929 2189 1061 2248 Zustand
1089 2192 1138 2249 der
1163 2190 1308 2271 Naturge-

145 2272 148 2278 ’
176 2273 309 2335 schichte.
353 2271 534 2347 Kiinigsberg
558 2266 650 2330 1822.
675 2266 705 2329 4.

136 2360 169 2418 C.
194 2359 230 2424 G.
254 2358 288 2421 C.
314 2357 527 2416 Reinwardt
549 2357 586 2414 de
608 2357 782 2434 augmentis,
808 2375 882 2431 quae
909 2354 1040 2416 historiae
1066 2359 1184 2417 naturali
1208 2379 1242 2418 ex
1262 2361 1309 2420 In·

145 2438 148 2442 ’
180 2444 246 2502 diae
267 2442 483 2517 investigatione
504 2447 687 2498 accesserunt.
732 2440 828 2517 Lugd.
850 2441 916 2498 Bac
940 2436 1034 2503 1823.
1057 2437 1086 2500 4.
1317 2445 1320 2449 ’

136 2529 266 2588 Beruard
288 2527 421 2585 Germain
446 2526 567 2584 Etienne
594 2526 637 2584 de
658 2523 855 2605 Lace'pene
883 2545 937 2584 vue
961 2527 1093 2601 ge'nerale
1115 2528 1166 2585 des
1191 2529 1310 2605 progrhs

180 2615 218 2673 de
245 2613 382 2690 plusieurs
413 2611 549 2669 branches
578 2612 630 2668 des
661 2611 783 2669 scieuces
810 2610 960 2668 naturelles
987 2613 1087 2689 depuis
1116 2612 1144 2669 la
1173 2619 1246 2672 mort
1272 2615 1311 2672 de

178 2699 296 2778 Botion,
319 2717 391 2776 pour
417 2697 485 2754 faire
506 2696 579 2753 suite
599 2713 654 2752 aux
680 2716 797 2755 oeuvres
827 2695 980 2774 completas
1006 2696 1042 2755 de
1063 2715 1094 2755 ce
1115 2699 1207 2773 grand
1227 2706 1312 2758 natu-

180 2784 285 2843 raliste.
329 2781 406 2840 Paris
432 2775 523 2841 1823,
545 2775 576 2838 8.
599 2785 710 2852 (Buffon
735 2785 756 2861 †
783 2784 872 2852 1788.)

138 2870 255 2945 George
277 2867 410 2926 Cuvier
430 2870 548 2943 rapport
568 2865 723 2941 historique
743 2886 791 2924 sur
816 2867 856 2923 les
884 2864 1005 2942 progrhs
1031 2866 1081 2924 des
1112 2866 1235 2926 sciences
1261 2887 1313 2927 na-

181 2953 294 3015 turelles
320 2951 419 3031 depuis
448 2944 531 3009 1789
560 2956 589 3008 et
619 2969 666 3007 sur
690 2951 750 3010 leur
773 2953 831 3011 etat
853 2950 960 3027 actuet,
982 2952 1114 3028 presente'
1134 2970 1171 3009 au
1193 2972 1314 3028 gouver·
1345 2953 1351 2962 ’

182 3042 296 3098 nement
329 3057 363 3095 en
393 3030 475 3095 1808
509 3055 561 3113 par
587 3035 724 3095 l’institut.
778 3036 857 3095 Paris
892 3028 984 3095 1808.
1010 3030 1039 3095 8.
1081 3034 1226 3096 Nouvelle·
1245 3039 1314 3102 edit.

180 3123 260 3184 Paris
287 3115 378 3183 1827.
401 3117 433 3182 8.
469 3152 510 3163 ·-
549 3118 675 3180 Gerrnon.
704 3128 771 3184 cert.
804 3121 914 3182 Friedr.
939 3117 1014 3196 Aug.
1042 3121 1171 3181 Wiese.
1216 3122 1314 3203 Leipn.

182 3202 265 3274 1827
281 3201 428 3266 -1829.
450 3201 480 3269 8.
503 3204 577 3269 volt.
601 3194 650 3269 [V.
1321 3249 1323 3254 .

150 3355 153 3359 ’
213 3394 291 3460 ee·
341 3373 609 3458 Historia
634 3372 923 3457 maturatis
946 3371 1245 3476 septenum
1316 3308 1319 3313 ι

545 3476 913 3582 singularum·
1159 3524 1172 3543 ·

140 3619 282 3681 Alexand.
306 3616 413 3678 Bernh.
436 3614 574 3692 Kiilpin
596 3636 692 3695 progr.
718 3617 756 3676 de
777 3617 885 3676 cultura
905 3615 1040 3675 historiae
1061 3614 1194 3674 naturalis
1212 3616 1242 3676 in
1259 3616 1317 3677 Po-

184 3705 317 3763 merania.
361 3702 466 3760 Stettin
491 3695 582 3760 1778.
605 3703 626 3759 f.
1156 3702 1158 3707 ’

142 3789 217 3850 Olaf
234 3790 375 3848 Swartn
403 3786 443 3843 tal
475 3804 521 3843 orn
551 3786 823 3846 natural-historiens
852 3785 946 3867 uphof
973 3785 1027 3845 och
1049 3785 1185 3862 framsteg
1212 3786 1221 3843 i
1245 3788 1315 3846 Sve-

184 3875 275 3950 rige.·
293 3871 458 3932 Stockholm
480 3863 572 3929 1794.
595 3866 625 3934 8.

140 3959 231 4021 Lonis
253 3956 320 4022 Ant.
346 3958 445 4035 Prosp.
477 3955 676 4014 Herissaut
705 3956 896 4032 bibliothdque
923 3955 1063 4033 physique
1089 3954 1127 4012 de
1154 3954 1182 4013 la
1207 3954 1318 4014 France

188 4065 226 4104 ou
248 4043 311 4103 liste
332 4045 369 4102 de
393 4048 458 4100 tous
489 4041 530 4099 les
557 4060 696 4118 ouvrages
725 4047 788 4099 tant
812 4041 954 4118 imprime's
972 4035 1035 4114 'que
1062 4040 1241 4112 manuscrits,
1268 4041 1317 4115 qui

185 4131 302 4189 traitent
321 4130 358 4188 de
379 4127 511 4189 l'histoire
532 4128 668 4187 naturelle
690 4127 727 4185 de
751 4146 783 4184 ce
801 4146 943 4203 royaume,
965 4125 1078 4203 publiee
1098 4142 1150 4201 par
1175 4125 1207 4183 C.
1231 4123 1258 4185 J.
1279 4123 1317 4188 L.

186 4215 415 4292 Coquereau.
445 4211 524 4270 Paris
540 4205 631 4271 1771.
643 4207 673 4273 8.
700 4216 790 4284 (Opus
801 4217 935 4285 posthum.
948 4213 1066 4267 auctoris
1079 4230 1104 4263 a.
1118 4212 1186 4268 1769
1202 4213 1316 4282 deuoti.)

140 4301 257 4361 Martia
279 4299 395 4359 Thrane
417 4295 598 4355 Briinnich
626 4298 768 4357 literatura
801 4295 908 4362 Danica
936 4295 1111 4353 scientiarum
1140 4293 1317 4355 naturalium.

148 4448 153 4459 ,
186 4386 276 4455 Hafn.
299 4378 419 4462 (1783.)
448 4375 539 4444 1785.
564 4374 593 4439 8.
616 4417 660 4428 -
682 4383 773 4443 Inest:
793 4381 832 4447 Μ,
854 4382 892 4441 Τ.
920 4381 968 4441 Br.
995 4379 1035 4436 les
1057 4380 1175 4454 progrds
1201 4380 1238 4438 de
1256 4379 1318 4438 l'hi-

184 4471 273 4532 stoire
293 4468 430 4529 naturelle
452 4472 481 4527 et
503 4468 553 4525 des
575 4469 698 4528 scieuces
723 4467 878 4542 analogues
900 4485 934 4524 en
953 4463 1130 4535 Daunemarc
1146 4469 1174 4524 et
1195 4463 1319 4525 enNor-

1015 4550 1065 4622 ¹9*
