<?xml version="1.0" encoding="UTF-8"?>
<!DOCTYPE html PUBLIC "-//W3C//DTD XHTML 1.0 Transitional//EN"
    "http://www.w3.org/TR/xhtml1/DTD/xhtml1-transitional.dtd">
<html xmlns="http://www.w3.org/1999/xhtml" xml:lang="en" lang="en">
 <head>
  <title>
</title>
<meta http-equiv="Content-Type" content="text/html;charset=utf-8" />
  <meta name='ocr-system' content='tesseract 3.04.00' />
  <meta name='ocr-capabilities' content='ocr_page ocr_carea ocr_par ocr_line ocrx_word'/>
</head>
<body>
  <div class='ocr_page' id='page_1' title='image "./bibliothecamedi00chougoog_0128.png"; bbox 0 0 2874 4974; ppageno 0'>
   <div class='ocr_carea' id='block_1_1' title="bbox 574 304 1302 374">
    <p class='ocr_par' dir='ltr' id='par_1_1' title="bbox 574 304 1302 374">
     <span class='ocr_line' id='line_1_1' title="bbox 574 304 1302 374; baseline -0.005 -8"><span class='ocrx_word' id='word_1_1' title='bbox 574 305 715 366; x_wconf 76' lang='lat' dir='ltr'>Medicina</span> <span class='ocrx_word' id='word_1_2' title='bbox 740 304 847 374; x_wconf 87' lang='lat' dir='ltr'>biblica.</span> <span class='ocrx_word' id='word_1_3' title='bbox 1240 306 1302 374; x_wconf 85' lang='lat'>111</span> 
     </span>
    </p>
   </div>
   <div class='ocr_carea' id='block_1_2' title="bbox 130 458 1312 542">
    <p class='ocr_par' dir='ltr' id='par_1_2' title="bbox 130 458 1312 542">
     <span class='ocr_line' id='line_1_2' title="bbox 130 458 1312 542; baseline -0.002 -19"><span class='ocrx_word' id='word_1_4' title='bbox 130 462 237 524; x_wconf 83' lang='lat' dir='ltr'>Euseb.</span> <span class='ocrx_word' id='word_1_5' title='bbox 259 461 368 539; x_wconf 76' lang='lat' dir='ltr'>Traug.</span> <span class='ocrx_word' id='word_1_6' title='bbox 390 461 503 522; x_wconf 89' lang='lat' dir='ltr'>Ebert</span> <span class='ocrx_word' id='word_1_7' title='bbox 526 461 621 538; x_wconf 79' lang='lat' dir='ltr'>imago</span> <span class='ocrx_word' id='word_1_8' title='bbox 642 461 710 521; x_wconf 91' lang='lat' dir='ltr'>senii</span> <span class='ocrx_word' id='word_1_9' title='bbox 732 460 901 522; x_wconf 89' lang='lat' dir='ltr'>Salomonei.</span> <span class='ocrx_word' id='word_1_10' title='bbox 936 459 1016 542; x_wconf 87' lang='lat' dir='ltr'>Lips.</span> <span class='ocrx_word' id='word_1_11' title='bbox 1040 458 1133 528; x_wconf 88' lang='grc'><strong>1770.</strong></span> <span class='ocrx_word' id='word_1_12' title='bbox 1159 460 1190 524; x_wconf 91' lang='grc'>4.</span> <span class='ocrx_word' id='word_1_13' title='bbox 1310 518 1312 521; x_wconf 86' lang='grc'><em>,</em></span> 
     </span>
    </p>
   </div>
   <div class='ocr_carea' id='block_1_3' title="bbox 133 562 1302 731">
    <p class='ocr_par' dir='ltr' id='par_1_3' title="bbox 133 562 1302 731">
     <span class='ocr_line' id='line_1_3' title="bbox 133 562 1301 628; baseline 0.002 -2"><span class='ocrx_word' id='word_1_14' title='bbox 133 565 207 626; x_wconf 89' lang='lat' dir='ltr'>Dan.</span> <span class='ocrx_word' id='word_1_15' title='bbox 230 564 315 624; x_wconf 90' lang='lat' dir='ltr'>Wilb.</span> <span class='ocrx_word' id='word_1_16' title='bbox 338 565 478 625; x_wconf 85' lang='lat' dir='ltr'>Triller</span> <span class='ocrx_word' id='word_1_17' title='bbox 500 565 567 625; x_wconf 92' lang='lat' dir='ltr'>diss.</span> <span class='ocrx_word' id='word_1_18' title='bbox 590 562 611 622; x_wconf 92' lang='lat' dir='ltr'>l.</span> <span class='ocrx_word' id='word_1_19' title='bbox 636 572 665 623; x_wconf 88' lang='lat' dir='ltr'>et</span> <span class='ocrx_word' id='word_1_20' title='bbox 688 564 723 622; x_wconf 88' lang='lat'>11.</span> <span class='ocrx_word' id='word_1_21' title='bbox 746 564 783 621; x_wconf 92' lang='lat' dir='ltr'>de</span> <span class='ocrx_word' id='word_1_22' title='bbox 801 563 933 622; x_wconf 83' lang='lat' dir='ltr'>senilibus</span> <span class='ocrx_word' id='word_1_23' title='bbox 954 565 1058 624; x_wconf 85' lang='lat' dir='ltr'><strong>morbis</strong></span> <span class='ocrx_word' id='word_1_24' title='bbox 1083 568 1193 627; x_wconf 88' lang='lat' dir='ltr'>diverso</span> <span class='ocrx_word' id='word_1_25' title='bbox 1214 572 1301 628; x_wconf 92' lang='lat' dir='ltr'>modo</span> 
     </span>
     <span class='ocr_line' id='line_1_4' title="bbox 177 648 1302 731; baseline 0.002 -21"><span class='ocrx_word' id='word_1_26' title='bbox 177 671 196 710; x_wconf 93' lang='lat' dir='ltr'>a</span> <span class='ocrx_word' id='word_1_27' title='bbox 221 650 374 709; x_wconf 85' lang='lat' dir='ltr'>Salomone</span> <span class='ocrx_word' id='word_1_28' title='bbox 395 656 425 709; x_wconf 88' lang='lat' dir='ltr'>et</span> <span class='ocrx_word' id='word_1_29' title='bbox 443 649 618 727; x_wconf 81' lang='lat' dir='ltr'>Hippocrate</span> <span class='ocrx_word' id='word_1_30' title='bbox 645 648 790 726; x_wconf 79' lang='lat' dir='ltr'>descriptis</span> <span class='ocrx_word' id='word_1_31' title='bbox 812 654 898 725; x_wconf 83' lang='lat' dir='ltr'>atquc</span> <span class='ocrx_word' id='word_1_32' title='bbox 918 651 989 708; x_wconf 81' lang='lat' dir='ltr'>inter</span> <span class='ocrx_word' id='word_1_33' title='bbox 1008 670 1038 709; x_wconf 88' lang='lat' dir='ltr'>se</span> <span class='ocrx_word' id='word_1_34' title='bbox 1055 655 1229 731; x_wconf 81' lang='lat' dir='ltr'>comparatis.</span> <span class='ocrx_word' id='word_1_35' title='bbox 1251 657 1302 714; x_wconf 89' lang='lat' dir='ltr'>Vi-</span> 
     </span>
    </p>
   </div>
   <div class='ocr_carea' id='block_1_4' title="bbox 178 730 1301 815">
    <p class='ocr_par' dir='ltr' id='par_1_4' title="bbox 178 730 1301 815">
     <span class='ocr_line' id='line_1_5' title="bbox 178 730 1301 815; baseline 0.004 -20"><span class='ocrx_word' id='word_1_36' title='bbox 178 737 235 796; x_wconf 80' lang='lat' dir='ltr'>leb.</span> <span class='ocrx_word' id='word_1_37' title='bbox 249 730 341 796; x_wconf 93' lang='grc'><strong>1771.</strong></span> <span class='ocrx_word' id='word_1_38' title='bbox 353 730 383 794; x_wconf 87' lang='grc'>4.</span> <span class='ocrx_word' id='word_1_39' title='bbox 399 769 442 778; x_wconf 95' lang='grc'><strong>-</strong></span> <span class='ocrx_word' id='word_1_40' title='bbox 462 734 550 792; x_wconf 81' lang='lat' dir='ltr'>Redit</span> <span class='ocrx_word' id='word_1_41' title='bbox 560 736 590 792; x_wconf 83' lang='lat' dir='ltr'>in</span> <span class='ocrx_word' id='word_1_42' title='bbox 601 734 699 810; x_wconf 89' lang='lat' dir='ltr'>Ejusd.</span> <span class='ocrx_word' id='word_1_43' title='bbox 712 753 822 812; x_wconf 90' lang='lat' dir='ltr'>opuscc.</span> <span class='ocrx_word' id='word_1_44' title='bbox 845 734 908 798; x_wconf 87' lang='lat' dir='ltr'>Vol.</span> <span class='ocrx_word' id='word_1_45' title='bbox 918 734 967 793; x_wconf 89' lang='lat' dir='ltr'>lll.</span> <span class='ocrx_word' id='word_1_46' title='bbox 980 730 1071 799; x_wconf 89' lang='grc'><strong>1772.</strong></span> <span class='ocrx_word' id='word_1_47' title='bbox 1082 756 1112 815; x_wconf 90' lang='lat' dir='ltr'>p.</span> <span class='ocrx_word' id='word_1_48' title='bbox 1124 733 1301 799; x_wconf 79' lang='grc'><strong>313-362.</strong></span> 
     </span>
    </p>
   </div>
   <div class='ocr_carea' id='block_1_5' title="bbox 134 834 1302 999">
    <p class='ocr_par' dir='ltr' id='par_1_5' title="bbox 134 834 1302 999">
     <span class='ocr_line' id='line_1_6' title="bbox 134 834 1302 913; baseline -0.009 -15"><span class='ocrx_word' id='word_1_49' title='bbox 134 838 209 900; x_wconf 88' lang='lat' dir='ltr'>Geo.</span> <span class='ocrx_word' id='word_1_50' title='bbox 231 836 339 913; x_wconf 84' lang='lat' dir='ltr'>Wolfg.</span> <span class='ocrx_word' id='word_1_51' title='bbox 361 836 486 896; x_wconf 87' lang='lat' dir='ltr'>Wedel</span> <span class='ocrx_word' id='word_1_52' title='bbox 508 838 545 895; x_wconf 89' lang='lat' dir='ltr'>de</span> <span class='ocrx_word' id='word_1_53' title='bbox 565 836 621 894; x_wconf 92' lang='lat' dir='ltr'>lilio</span> <span class='ocrx_word' id='word_1_54' title='bbox 646 834 811 894; x_wconf 85' lang='lat' dir='ltr'>convallium</span> <span class='ocrx_word' id='word_1_55' title='bbox 832 837 1000 900; x_wconf 88' lang='lat' dir='ltr'>Salomonis.</span> <span class='ocrx_word' id='word_1_56' title='bbox 1028 837 1090 901; x_wconf 91' lang='lat' dir='ltr'>Jen.</span> <span class='ocrx_word' id='word_1_57' title='bbox 1115 835 1206 905; x_wconf 88' lang='lat'>1710.</span> <span class='ocrx_word' id='word_1_58' title='bbox 1217 838 1246 901; x_wconf 82' lang='lat'>4.</span> <span class='ocrx_word' id='word_1_59' title='bbox 1259 877 1302 887; x_wconf 82' lang='lat'>.-</span> 
     </span>
     <span class='ocr_line' id='line_1_7' title="bbox 179 921 1301 999; baseline 0.004 -18"><span class='ocrx_word' id='word_1_60' title='bbox 179 923 275 982; x_wconf 80' lang='lat' dir='ltr'>Recus.</span> <span class='ocrx_word' id='word_1_61' title='bbox 296 925 327 980; x_wconf 82' lang='lat' dir='ltr'>in</span> <span class='ocrx_word' id='word_1_62' title='bbox 348 922 449 983; x_wconf 85' lang='lat' dir='ltr'>Wedel</span> <span class='ocrx_word' id='word_1_63' title='bbox 470 941 559 981; x_wconf 84' lang='lat' dir='ltr'>exerc.</span> <span class='ocrx_word' id='word_1_64' title='bbox 581 922 655 980; x_wconf 90' lang='lat' dir='ltr'>med.</span> <span class='ocrx_word' id='word_1_65' title='bbox 680 921 774 998; x_wconf 92' lang='lat' dir='ltr'>philol.</span> <span class='ocrx_word' id='word_1_66' title='bbox 797 922 879 981; x_wconf 85' lang='lat' dir='ltr'>Cent.</span> <span class='ocrx_word' id='word_1_67' title='bbox 901 922 936 985; x_wconf 91' lang='lat' dir='ltr'>ll.</span> <span class='ocrx_word' id='word_1_68' title='bbox 970 928 1052 996; x_wconf 81' lang='lat' dir='ltr'>(Esse</span> <span class='ocrx_word' id='word_1_69' title='bbox 1071 928 1168 984; x_wconf 81' lang='lat' dir='ltr'>Lilium</span> <span class='ocrx_word' id='word_1_70' title='bbox 1190 933 1301 999; x_wconf 85' lang='lat' dir='ltr'>album.)</span> 
     </span>
    </p>
   </div>
   <div class='ocr_carea' id='block_1_6' title="bbox 574 1089 865 1165">
    <p class='ocr_par' dir='ltr' id='par_1_6' title="bbox 574 1089 865 1165">
     <span class='ocr_line' id='line_1_8' title="bbox 574 1089 865 1165; baseline 0 -4"><span class='ocrx_word' id='word_1_71' title='bbox 574 1089 629 1165; x_wconf 86' lang='lat' dir='ltr'>ii.</span> <span class='ocrx_word' id='word_1_72' title='bbox 671 1089 865 1162; x_wconf 73' lang='lat' dir='ltr'>Esaias.</span> 
     </span>
    </p>
   </div>
   <div class='ocr_carea' id='block_1_7' title="bbox 134 1207 1303 1376">
    <p class='ocr_par' dir='ltr' id='par_1_7' title="bbox 134 1207 1303 1376">
     <span class='ocr_line' id='line_1_9' title="bbox 134 1207 1303 1292; baseline 0.003 -20"><span class='ocrx_word' id='word_1_73' title='bbox 134 1213 204 1276; x_wconf 89' lang='lat' dir='ltr'>Car.</span> <span class='ocrx_word' id='word_1_74' title='bbox 229 1207 454 1270; x_wconf 75' lang='lat' dir='ltr'>Aurivillius</span> <span class='ocrx_word' id='word_1_75' title='bbox 485 1207 573 1291; x_wconf 89' lang='lat' dir='ltr'>(resp.</span> <span class='ocrx_word' id='word_1_76' title='bbox 599 1210 674 1274; x_wconf 81' lang='lat' dir='ltr'>Petr.</span> <span class='ocrx_word' id='word_1_77' title='bbox 696 1209 898 1292; x_wconf 86' lang='lat' dir='ltr'>Holmberger)</span> <span class='ocrx_word' id='word_1_78' title='bbox 920 1212 985 1270; x_wconf 89' lang='lat' dir='ltr'>diss.</span> <span class='ocrx_word' id='word_1_79' title='bbox 1007 1215 1045 1272; x_wconf 86' lang='lat' dir='ltr'>de</span> <span class='ocrx_word' id='word_1_80' title='bbox 1064 1215 1222 1276; x_wconf 91' lang='lat' dir='ltr'>nominibus</span> <span class='ocrx_word' id='word_1_81' title='bbox 1243 1218 1303 1278; x_wconf 83' lang='lat' dir='ltr'>ani-</span> 
     </span>
     <span class='ocr_line' id='line_1_10' title="bbox 177 1289 1191 1376; baseline 0.008 -21"><span class='ocrx_word' id='word_1_82' title='bbox 177 1297 289 1356; x_wconf 89' lang='lat' dir='ltr'>malium</span> <span class='ocrx_word' id='word_1_83' title='bbox 314 1315 388 1373; x_wconf 90' lang='lat' dir='ltr'>quae</span> <span class='ocrx_word' id='word_1_84' title='bbox 411 1296 542 1373; x_wconf 82' lang='lat' dir='ltr'>leguntur</span> <span class='ocrx_word' id='word_1_85' title='bbox 566 1297 666 1356; x_wconf 81' lang='lat' dir='ltr'>Esaiae</span> <span class='ocrx_word' id='word_1_86' title='bbox 690 1316 713 1355; x_wconf 88' lang='lat' dir='ltr'>c.</span> <span class='ocrx_word' id='word_1_87' title='bbox 737 1289 778 1355; x_wconf 85' lang='lat'>13</span> <span class='ocrx_word' id='word_1_88' title='bbox 798 1316 825 1355; x_wconf 87' lang='lat' dir='ltr'>v.</span> <span class='ocrx_word' id='word_1_89' title='bbox 847 1292 898 1360; x_wconf 91' lang='grc'>21.</span> <span class='ocrx_word' id='word_1_90' title='bbox 923 1297 1023 1376; x_wconf 89' lang='lat' dir='ltr'>Upsal.</span> <span class='ocrx_word' id='word_1_91' title='bbox 1047 1294 1139 1362; x_wconf 94' lang='grc'><strong>1776.</strong></span> <span class='ocrx_word' id='word_1_92' title='bbox 1161 1296 1191 1365; x_wconf 88' lang='grc'>4.</span> 
     </span>
    </p>
   </div>
   <div class='ocr_carea' id='block_1_8' title="bbox 131 1397 1303 1561">
    <p class='ocr_par' dir='ltr' id='par_1_8' title="bbox 131 1397 1303 1561">
     <span class='ocr_line' id='line_1_11' title="bbox 131 1397 1303 1481; baseline -0.01 -22"><span class='ocrx_word' id='word_1_93' title='bbox 131 1400 180 1463; x_wconf 87' lang='lat' dir='ltr'>Jo.</span> <span class='ocrx_word' id='word_1_94' title='bbox 208 1399 329 1457; x_wconf 83' lang='lat' dir='ltr'>Godofr.</span> <span class='ocrx_word' id='word_1_95' title='bbox 355 1399 482 1474; x_wconf 82' lang='lat' dir='ltr'>Unger</span> <span class='ocrx_word' id='word_1_96' title='bbox 503 1403 560 1470; x_wconf 89' lang='lat' dir='ltr'>(res</span> <span class='ocrx_word' id='word_1_97' title='bbox 582 1441 589 1456; x_wconf 93' lang='lat'>.</span> <span class='ocrx_word' id='word_1_98' title='bbox 608 1397 723 1465; x_wconf 85' lang='lat' dir='ltr'>Imman.</span> <span class='ocrx_word' id='word_1_99' title='bbox 748 1398 816 1462; x_wconf 92' lang='lat' dir='ltr'>Em.</span> <span class='ocrx_word' id='word_1_100' title='bbox 843 1399 941 1472; x_wconf 90' lang='lat' dir='ltr'>Hahu)</span> <span class='ocrx_word' id='word_1_101' title='bbox 965 1400 1031 1463; x_wconf 92' lang='lat' dir='ltr'>diss.</span> <span class='ocrx_word' id='word_1_102' title='bbox 1055 1401 1091 1459; x_wconf 91' lang='lat' dir='ltr'>de</span> <span class='ocrx_word' id='word_1_103' title='bbox 1113 1421 1222 1481; x_wconf 85' lang='lat' dir='ltr'>papyro</span> <span class='ocrx_word' id='word_1_104' title='bbox 1244 1404 1303 1462; x_wconf 82' lang='lat' dir='ltr'>lru.</span> 
     </span>
     <span class='ocr_line' id='line_1_12' title="bbox 177 1419 879 1561; baseline 0.001 -18"><span class='ocrx_word' id='word_1_105' title='bbox 177 1485 233 1543; x_wconf 87' lang='lat' dir='ltr'>tice</span> <span class='ocrx_word' id='word_1_106' title='bbox 253 1485 291 1542; x_wconf 87' lang='lat' dir='ltr'>ad</span> <span class='ocrx_word' id='word_1_107' title='bbox 315 1484 416 1542; x_wconf 89' lang='lat' dir='ltr'>Esaiae</span> <span class='ocrx_word' id='word_1_108' title='bbox 439 1478 490 1561; x_wconf 85' lang='grc'><strong>19,</strong></span> <span class='ocrx_word' id='word_1_109' title='bbox 510 1503 539 1545; x_wconf 84' lang='lat' dir='ltr'>v.</span> <span class='ocrx_word' id='word_1_110' title='bbox 560 1419 591 1542; x_wconf 92' lang='grc'>7.</span> <span class='ocrx_word' id='word_1_111' title='bbox 634 1479 713 1561; x_wconf 89' lang='lat' dir='ltr'>Lips.</span> <span class='ocrx_word' id='word_1_112' title='bbox 736 1478 828 1547; x_wconf 84' lang='grc'><strong>1731.</strong></span> <span class='ocrx_word' id='word_1_113' title='bbox 848 1478 879 1545; x_wconf 91' lang='grc'>4.</span> 
     </span>
    </p>
   </div>
   <div class='ocr_carea' id='block_1_9' title="bbox 134 1572 1303 1734">
    <p class='ocr_par' dir='ltr' id='par_1_9' title="bbox 134 1572 1303 1734">
     <span class='ocr_line' id='line_1_13' title="bbox 134 1572 1303 1661; baseline 0.001 -15"><span class='ocrx_word' id='word_1_114' title='bbox 134 1572 202 1646; x_wconf 73' lang='lat' dir='ltr'>eur.</span> <span class='ocrx_word' id='word_1_115' title='bbox 232 1582 400 1646; x_wconf 69' lang='lat' dir='ltr'>surenam</span> <span class='ocrx_word' id='word_1_116' title='bbox 427 1584 613 1643; x_wconf 72' lang='lat' dir='ltr'>melenbach</span> <span class='ocrx_word' id='word_1_117' title='bbox 641 1603 739 1661; x_wconf 72' lang='lat' dir='ltr'>progr.</span> <span class='ocrx_word' id='word_1_118' title='bbox 768 1585 805 1643; x_wconf 75' lang='lat' dir='ltr'>ce</span> <span class='ocrx_word' id='word_1_119' title='bbox 832 1585 923 1644; x_wconf 73' lang='lat' dir='ltr'>verua</span> <span class='ocrx_word' id='word_1_120' title='bbox 950 1585 1060 1646; x_wconf 71' lang='lat' dir='ltr'>usaue</span> <span class='ocrx_word' id='word_1_121' title='bbox 1085 1584 1164 1651; x_wconf 81' lang='lat' dir='ltr'>Lm</span> <span class='ocrx_word' id='word_1_122' title='bbox 1192 1606 1221 1650; x_wconf 80' lang='lat' dir='ltr'>v.</span> <span class='ocrx_word' id='word_1_123' title='bbox 1252 1581 1303 1648; x_wconf 92' lang='lat'>10.</span> 
     </span>
     <span class='ocr_line' id='line_1_14' title="bbox 178 1663 865 1734; baseline -0.007 -2"><span class='ocrx_word' id='word_1_124' title='bbox 178 1673 286 1732; x_wconf 89' lang='lat' dir='ltr'>medice</span> <span class='ocrx_word' id='word_1_125' title='bbox 306 1671 500 1733; x_wconf 84' lang='lat' dir='ltr'>consideratis.</span> <span class='ocrx_word' id='word_1_126' title='bbox 542 1669 680 1731; x_wconf 86' lang='lat' dir='ltr'>Rostoch.</span> <span class='ocrx_word' id='word_1_127' title='bbox 702 1663 793 1734; x_wconf 83' lang='grc'><strong>1763,</strong></span> <span class='ocrx_word' id='word_1_128' title='bbox 815 1665 865 1733; x_wconf 95' lang='grc'>12.</span> 
     </span>
    </p>
   </div>
   <div class='ocr_carea' id='block_1_10' title="bbox 530 1820 908 1893">
    <p class='ocr_par' dir='ltr' id='par_1_10' title="bbox 530 1820 908 1893">
     <span class='ocr_line' id='line_1_15' title="bbox 530 1820 908 1893; baseline 0 -1"><span class='ocrx_word' id='word_1_129' title='bbox 530 1821 621 1892; x_wconf 83' lang='lat' dir='ltr'>kk.</span> <span class='ocrx_word' id='word_1_130' title='bbox 668 1820 908 1893; x_wconf 66' lang='lat' dir='ltr'>maculer.</span> 
     </span>
    </p>
   </div>
   <div class='ocr_carea' id='block_1_11' title="bbox 136 1941 1304 2108">
    <p class='ocr_par' dir='ltr' id='par_1_11' title="bbox 136 1941 1304 2108">
     <span class='ocr_line' id='line_1_16' title="bbox 136 1941 1302 2026; baseline -0.003 -20"><span class='ocrx_word' id='word_1_131' title='bbox 136 1945 210 2010; x_wconf 85' lang='lat' dir='ltr'>Geo.</span> <span class='ocrx_word' id='word_1_132' title='bbox 232 1945 324 2026; x_wconf 88' lang='lat' dir='ltr'>Chph.</span> <span class='ocrx_word' id='word_1_133' title='bbox 349 1942 578 2018; x_wconf 81' lang='lat' dir='ltr'>Detbarding</span> <span class='ocrx_word' id='word_1_134' title='bbox 603 1941 653 2004; x_wconf 91' lang='lat' dir='ltr'>lll.</span> <span class='ocrx_word' id='word_1_135' title='bbox 681 1946 765 2020; x_wconf 87' lang='lat' dir='ltr'>(resp.</span> <span class='ocrx_word' id='word_1_136' title='bbox 790 1943 831 2008; x_wconf 90' lang='grc' dir='ltr'>Μ.</span> <span class='ocrx_word' id='word_1_137' title='bbox 853 1944 960 2015; x_wconf 88' lang='lat' dir='ltr'>Moses)</span> <span class='ocrx_word' id='word_1_138' title='bbox 979 1943 1044 2002; x_wconf 92' lang='lat' dir='ltr'>diss.</span> <span class='ocrx_word' id='word_1_139' title='bbox 1064 1943 1100 2002; x_wconf 94' lang='lat' dir='ltr'>de</span> <span class='ocrx_word' id='word_1_140' title='bbox 1121 1961 1187 2002; x_wconf 88' lang='lat' dir='ltr'>cura</span> <span class='ocrx_word' id='word_1_141' title='bbox 1208 1961 1302 2004; x_wconf 88' lang='lat' dir='ltr'>recens</span> 
     </span>
     <span class='ocr_line' id='line_1_17' title="bbox 179 2027 1304 2108; baseline -0.002 -17"><span class='ocrx_word' id='word_1_142' title='bbox 179 2038 310 2091; x_wconf 84' lang='lat' dir='ltr'>natomm</span> <span class='ocrx_word' id='word_1_143' title='bbox 337 2048 423 2108; x_wconf 89' lang='lat' dir='ltr'>penes</span> <span class='ocrx_word' id='word_1_144' title='bbox 450 2028 598 2087; x_wconf 89' lang='lat' dir='ltr'>Hebraeos</span> <span class='ocrx_word' id='word_1_145' title='bbox 628 2027 677 2087; x_wconf 92' lang='lat' dir='ltr'>diu</span> <span class='ocrx_word' id='word_1_146' title='bbox 712 2028 830 2107; x_wconf 85' lang='lat' dir='ltr'>usitata,</span> <span class='ocrx_word' id='word_1_147' title='bbox 872 2029 1019 2089; x_wconf 89' lang='lat' dir='ltr'>occasione</span> <span class='ocrx_word' id='word_1_148' title='bbox 1050 2029 1117 2088; x_wconf 92' lang='lat' dir='ltr'>dicti</span> <span class='ocrx_word' id='word_1_149' title='bbox 1148 2029 1304 2090; x_wconf 85' lang='lat' dir='ltr'>Ezechielis</span> 
     </span>
    </p>
   </div>
   <div class='ocr_carea' id='block_1_12' title="bbox 176 2107 642 2194">
    <p class='ocr_par' dir='ltr' id='par_1_12' title="bbox 176 2107 642 2194">
     <span class='ocr_line' id='line_1_18' title="bbox 176 2107 642 2194; baseline -0.013 -16"><span class='ocrx_word' id='word_1_150' title='bbox 176 2116 255 2194; x_wconf 75' lang='lat' dir='ltr'>xvi,</span> <span class='ocrx_word' id='word_1_151' title='bbox 276 2111 308 2180; x_wconf 82' lang='grc'>4.</span> <span class='ocrx_word' id='word_1_152' title='bbox 328 2114 467 2177; x_wconf 68' lang='lat' dir='ltr'>aaron.</span> <span class='ocrx_word' id='word_1_153' title='bbox 494 2107 586 2178; x_wconf 79' lang='lat'>1766,</span> <span class='ocrx_word' id='word_1_154' title='bbox 611 2107 642 2172; x_wconf 85' lang='lat'>4.</span> 
     </span>
    </p>
   </div>
   <div class='ocr_carea' id='block_1_13' title="bbox 584 2262 857 2336">
    <p class='ocr_par' dir='ltr' id='par_1_13' title="bbox 584 2262 857 2336">
     <span class='ocr_line' id='line_1_19' title="bbox 584 2262 857 2336; baseline 0.007 -2"><span class='ocrx_word' id='word_1_155' title='bbox 584 2262 639 2335; x_wconf 90' lang='grc'>11.</span> <span class='ocrx_word' id='word_1_156' title='bbox 681 2262 857 2336; x_wconf 76' lang='lat' dir='ltr'>Jonas.</span> 
     </span>
    </p>
   </div>
   <div class='ocr_carea' id='block_1_14' title="bbox 135 2398 1307 2994">
    <p class='ocr_par' dir='ltr' id='par_1_14' title="bbox 135 2398 1307 2653">
     <span class='ocr_line' id='line_1_20' title="bbox 135 2398 1306 2484; baseline -0.007 -16"><span class='ocrx_word' id='word_1_157' title='bbox 135 2406 312 2484; x_wconf 76' lang='lat' dir='ltr'>Sigismund.</span> <span class='ocrx_word' id='word_1_158' title='bbox 333 2399 408 2480; x_wconf 79' lang='lat' dir='ltr'>Aug.</span> <span class='ocrx_word' id='word_1_159' title='bbox 431 2402 585 2464; x_wconf 82' lang='lat' dir='ltr'>Pieifler</span> <span class='ocrx_word' id='word_1_160' title='bbox 611 2405 679 2463; x_wconf 86' lang='lat' dir='ltr'>diss.</span> <span class='ocrx_word' id='word_1_161' title='bbox 707 2399 884 2480; x_wconf 81' lang='lat' dir='ltr'>apologetica</span> <span class='ocrx_word' id='word_1_162' title='bbox 909 2401 1013 2480; x_wconf 88' lang='lat' dir='ltr'>piscem</span> <span class='ocrx_word' id='word_1_163' title='bbox 1036 2401 1128 2460; x_wconf 85' lang='lat' dir='ltr'>Jonae</span> <span class='ocrx_word' id='word_1_164' title='bbox 1153 2398 1306 2479; x_wconf 79' lang='lat' dir='ltr'>deglutito-</span> 
     </span>
     <span class='ocr_line' id='line_1_21' title="bbox 180 2485 1307 2567; baseline -0.005 -16"><span class='ocrx_word' id='word_1_165' title='bbox 180 2510 238 2551; x_wconf 88' lang='lat' dir='ltr'>rem</span> <span class='ocrx_word' id='word_1_166' title='bbox 263 2491 349 2548; x_wconf 86' lang='lat' dir='ltr'>fnisse</span> <span class='ocrx_word' id='word_1_167' title='bbox 374 2487 534 2565; x_wconf 82' lang='lat' dir='ltr'>balaenam,</span> <span class='ocrx_word' id='word_1_168' title='bbox 567 2490 697 2567; x_wconf 88' lang='lat' dir='ltr'>opposita</span> <span class='ocrx_word' id='word_1_169' title='bbox 724 2488 757 2546; x_wconf 89' lang='lat' dir='ltr'>C.</span> <span class='ocrx_word' id='word_1_170' title='bbox 783 2487 817 2544; x_wconf 89' lang='lat' dir='ltr'>F.</span> <span class='ocrx_word' id='word_1_171' title='bbox 841 2486 957 2545; x_wconf 90' lang='lat' dir='ltr'>Paullini</span> <span class='ocrx_word' id='word_1_172' title='bbox 978 2491 1007 2545; x_wconf 84' lang='lat' dir='ltr'>et</span> <span class='ocrx_word' id='word_1_173' title='bbox 1025 2487 1053 2545; x_wconf 88' lang='lat' dir='ltr'>J.</span> <span class='ocrx_word' id='word_1_174' title='bbox 1072 2487 1110 2550; x_wconf 77' lang='grc' dir='ltr'>Η</span> <span class='ocrx_word' id='word_1_175' title='bbox 1132 2485 1210 2563; x_wconf 86' lang='lat' dir='ltr'>Majo</span> <span class='ocrx_word' id='word_1_176' title='bbox 1231 2487 1307 2546; x_wconf 87' lang='lat' dir='ltr'>aliis·</span> 
     </span>
     <span class='ocr_line' id='line_1_22' title="bbox 181 2566 997 2653; baseline -0.004 -20"><span class='ocrx_word' id='word_1_177' title='bbox 181 2594 238 2653; x_wconf 88' lang='lat' dir='ltr'>que</span> <span class='ocrx_word' id='word_1_178' title='bbox 264 2573 379 2633; x_wconf 89' lang='lat' dir='ltr'>Lamiae</span> <span class='ocrx_word' id='word_1_179' title='bbox 405 2575 670 2652; x_wconf 83' lang='lat' dir='ltr'>propugnatoribus.</span> <span class='ocrx_word' id='word_1_180' title='bbox 713 2570 818 2630; x_wconf 87' lang='lat' dir='ltr'>Lubec.</span> <span class='ocrx_word' id='word_1_181' title='bbox 844 2566 935 2631; x_wconf 92' lang='grc'><strong>1697.</strong></span> <span class='ocrx_word' id='word_1_182' title='bbox 966 2566 997 2631; x_wconf 89' lang='grc'>4.</span> 
     </span>
    </p>

    <p class='ocr_par' dir='ltr' id='par_1_15' title="bbox 135 2655 1305 2825">
     <span class='ocr_line' id='line_1_23' title="bbox 135 2655 1305 2737; baseline -0.004 -17"><span class='ocrx_word' id='word_1_183' title='bbox 135 2661 185 2726; x_wconf 84' lang='lat' dir='ltr'>Jo.</span> <span class='ocrx_word' id='word_1_184' title='bbox 206 2660 300 2720; x_wconf 88' lang='lat' dir='ltr'>Been</span> <span class='ocrx_word' id='word_1_185' title='bbox 320 2665 409 2737; x_wconf 85' lang='lat' dir='ltr'>(resp.</span> <span class='ocrx_word' id='word_1_186' title='bbox 424 2660 521 2723; x_wconf 88' lang='lat' dir='ltr'>Sever.</span> <span class='ocrx_word' id='word_1_187' title='bbox 542 2661 709 2730; x_wconf 82' lang='lat' dir='ltr'>Arctauder)</span> <span class='ocrx_word' id='word_1_188' title='bbox 730 2658 812 2735; x_wconf 91' lang='lat' dir='ltr'>piscis</span> <span class='ocrx_word' id='word_1_189' title='bbox 830 2656 877 2716; x_wconf 92' lang='lat' dir='ltr'>ille</span> <span class='ocrx_word' id='word_1_190' title='bbox 898 2657 1112 2734; x_wconf 84' lang='lat' dir='ltr'>grandissimus,</span> <span class='ocrx_word' id='word_1_191' title='bbox 1135 2656 1183 2734; x_wconf 91' lang='lat' dir='ltr'>qui</span> <span class='ocrx_word' id='word_1_192' title='bbox 1203 2655 1305 2716; x_wconf 89' lang='lat' dir='ltr'>Jouam</span> 
     </span>
     <span class='ocr_line' id='line_1_24' title="bbox 181 2739 794 2825; baseline -0.003 -21"><span class='ocrx_word' id='word_1_193' title='bbox 181 2747 319 2822; x_wconf 82' lang='lat' dir='ltr'>integrum</span> <span class='ocrx_word' id='word_1_194' title='bbox 341 2745 495 2807; x_wconf 82' lang='lat' dir='ltr'>devoravit.</span> <span class='ocrx_word' id='word_1_195' title='bbox 522 2744 630 2825; x_wconf 67' lang='lat' dir='ltr'>⁴Havn.</span> <span class='ocrx_word' id='word_1_196' title='bbox 655 2739 745 2806; x_wconf 84' lang='grc'><strong>1698.</strong></span> <span class='ocrx_word' id='word_1_197' title='bbox 764 2740 794 2802; x_wconf 91' lang='grc'>4.</span> 
     </span>
    </p>

    <p class='ocr_par' dir='ltr' id='par_1_16' title="bbox 137 2820 1306 2994">
     <span class='ocr_line' id='line_1_25' title="bbox 137 2820 1306 2908; baseline -0.003 -19"><span class='ocrx_word' id='word_1_198' title='bbox 137 2830 206 2890; x_wconf 89' lang='lat' dir='ltr'>Chr.</span> <span class='ocrx_word' id='word_1_199' title='bbox 228 2831 353 2890; x_wconf 86' lang='lat' dir='ltr'>Roede</span> <span class='ocrx_word' id='word_1_200' title='bbox 379 2835 467 2906; x_wconf 90' lang='lat' dir='ltr'>(resp.</span> <span class='ocrx_word' id='word_1_201' title='bbox 483 2829 561 2892; x_wconf 90' lang='lat' dir='ltr'>Frid.</span> <span class='ocrx_word' id='word_1_202' title='bbox 588 2829 783 2904; x_wconf 84' lang='lat' dir='ltr'>Colbiiimseu)</span> <span class='ocrx_word' id='word_1_203' title='bbox 810 2827 877 2891; x_wconf 89' lang='lat' dir='ltr'>diss.</span> <span class='ocrx_word' id='word_1_204' title='bbox 900 2827 937 2887; x_wconf 90' lang='lat' dir='ltr'>de</span> <span class='ocrx_word' id='word_1_205' title='bbox 957 2827 1043 2908; x_wconf 88' lang='lat' dir='ltr'>pisce,</span> <span class='ocrx_word' id='word_1_206' title='bbox 1064 2826 1113 2906; x_wconf 85' lang='lat' dir='ltr'>qui</span> <span class='ocrx_word' id='word_1_207' title='bbox 1134 2827 1236 2887; x_wconf 87' lang='lat' dir='ltr'>Jouam</span> <span class='ocrx_word' id='word_1_208' title='bbox 1255 2820 1306 2886; x_wconf 86' lang='lat' dir='ltr'>de·</span> 
     </span>
     <span class='ocr_line' id='line_1_26' title="bbox 180 2909 599 2994; baseline 0 -21"><span class='ocrx_word' id='word_1_209' title='bbox 180 2915 299 2994; x_wconf 81' lang='lat' dir='ltr'>glutivit.</span> <span class='ocrx_word' id='word_1_210' title='bbox 341 2914 435 2975; x_wconf 88' lang='lat' dir='ltr'>Havn.</span> <span class='ocrx_word' id='word_1_211' title='bbox 457 2909 547 2975; x_wconf 86' lang='grc'><strong>1744.</strong></span> <span class='ocrx_word' id='word_1_212' title='bbox 569 2909 599 2974; x_wconf 90' lang='grc'>4.</span> 
     </span>
    </p>
   </div>
   <div class='ocr_carea' id='block_1_15' title="bbox 544 3064 899 3138">
    <p class='ocr_par' dir='ltr' id='par_1_17' title="bbox 544 3064 899 3138">
     <span class='ocr_line' id='line_1_27' title="bbox 544 3064 899 3138; baseline -0.003 -1"><span class='ocrx_word' id='word_1_213' title='bbox 544 3083 662 3138; x_wconf 89' lang='lat' dir='ltr'>mm.</span> <span class='ocrx_word' id='word_1_214' title='bbox 708 3064 899 3136; x_wconf 60' lang='lat' dir='ltr'>roncas</span> 
     </span>
    </p>
   </div>
   <div class='ocr_carea' id='block_1_16' title="bbox 136 3197 1309 3364">
    <p class='ocr_par' dir='ltr' id='par_1_18' title="bbox 136 3197 1309 3364">
     <span class='ocr_line' id='line_1_28' title="bbox 136 3197 1309 3280; baseline -0.003 -16"><span class='ocrx_word' id='word_1_215' title='bbox 136 3202 285 3264; x_wconf 88' lang='lat' dir='ltr'>Burcbard</span> <span class='ocrx_word' id='word_1_216' title='bbox 305 3202 378 3263; x_wconf 86' lang='lat' dir='ltr'>Dav.</span> <span class='ocrx_word' id='word_1_217' title='bbox 399 3201 595 3261; x_wconf 86' lang='lat' dir='ltr'>Manchard</span> <span class='ocrx_word' id='word_1_218' title='bbox 618 3207 704 3280; x_wconf 85' lang='lat' dir='ltr'>(resp.</span> <span class='ocrx_word' id='word_1_219' title='bbox 731 3201 766 3263; x_wconf 86' lang='lat' dir='ltr'>C.</span> <span class='ocrx_word' id='word_1_220' title='bbox 791 3200 823 3259; x_wconf 90' lang='lat' dir='ltr'>P.</span> <span class='ocrx_word' id='word_1_221' title='bbox 849 3200 963 3271; x_wconf 85' lang='lat' dir='ltr'>Brecht)</span> <span class='ocrx_word' id='word_1_222' title='bbox 987 3198 1053 3260; x_wconf 91' lang='lat' dir='ltr'>diss.</span> <span class='ocrx_word' id='word_1_223' title='bbox 1075 3200 1174 3259; x_wconf 82' lang='lat' dir='ltr'>sistens</span> <span class='ocrx_word' id='word_1_224' title='bbox 1197 3197 1309 3260; x_wconf 87' lang='lat' dir='ltr'>Tobiae</span> 
     </span>
     <span class='ocr_line' id='line_1_29' title="bbox 182 3281 984 3364; baseline -0.006 -16"><span class='ocrx_word' id='word_1_225' title='bbox 182 3289 345 3348; x_wconf 86' lang='lat' dir='ltr'>leucomata.</span> <span class='ocrx_word' id='word_1_226' title='bbox 388 3287 514 3364; x_wconf 86' lang='lat' dir='ltr'>Tubing.</span> <span class='ocrx_word' id='word_1_227' title='bbox 533 3281 626 3349; x_wconf 82' lang='lat'>1743.</span> <span class='ocrx_word' id='word_1_228' title='bbox 649 3282 678 3346; x_wconf 87' lang='grc'>4.</span> <span class='ocrx_word' id='word_1_229' title='bbox 702 3290 756 3359; x_wconf 83' lang='lat' dir='ltr'>(Ad</span> <span class='ocrx_word' id='word_1_230' title='bbox 768 3292 842 3344; x_wconf 89' lang='lat' dir='ltr'>Tob.</span> <span class='ocrx_word' id='word_1_231' title='bbox 856 3292 914 3344; x_wconf 78' lang='lat' dir='ltr'>2et</span> <span class='ocrx_word' id='word_1_232' title='bbox 929 3289 984 3356; x_wconf 90' lang='lat' dir='ltr'>ll.)</span> 
     </span>
    </p>
   </div>
   <div class='ocr_carea' id='block_1_17' title="bbox 522 3436 920 3522">
    <p class='ocr_par' dir='ltr' id='par_1_19' title="bbox 522 3436 920 3522">
     <span class='ocr_line' id='line_1_30' title="bbox 522 3436 920 3522; baseline -0.013 -14"><span class='ocrx_word' id='word_1_233' title='bbox 522 3455 601 3508; x_wconf 86' lang='lat' dir='ltr'>mr.</span> <span class='ocrx_word' id='word_1_234' title='bbox 648 3436 920 3522; x_wconf 65' lang='lat' dir='ltr'>leobanius.</span> 
     </span>
    </p>
   </div>
   <div class='ocr_carea' id='block_1_18' title="bbox 138 3570 1308 3740">
    <p class='ocr_par' dir='ltr' id='par_1_20' title="bbox 138 3570 1308 3740">
     <span class='ocr_line' id='line_1_31' title="bbox 138 3570 1308 3654; baseline -0.003 -18"><span class='ocrx_word' id='word_1_235' title='bbox 138 3577 186 3639; x_wconf 86' lang='lat' dir='ltr'>Jo.</span> <span class='ocrx_word' id='word_1_236' title='bbox 206 3576 276 3638; x_wconf 89' lang='lat' dir='ltr'>Em.</span> <span class='ocrx_word' id='word_1_237' title='bbox 298 3575 418 3636; x_wconf 84' lang='lat' dir='ltr'>Faber</span> <span class='ocrx_word' id='word_1_238' title='bbox 440 3575 524 3654; x_wconf 89' lang='lat' dir='ltr'>(resp.</span> <span class='ocrx_word' id='word_1_239' title='bbox 545 3574 616 3636; x_wconf 89' lang='lat' dir='ltr'>Em.</span> <span class='ocrx_word' id='word_1_240' title='bbox 644 3572 720 3634; x_wconf 91' lang='lat' dir='ltr'>Lud.</span> <span class='ocrx_word' id='word_1_241' title='bbox 747 3572 910 3651; x_wconf 85' lang='lat' dir='ltr'>Friederici)</span> <span class='ocrx_word' id='word_1_242' title='bbox 941 3573 979 3631; x_wconf 91' lang='lat' dir='ltr'>de</span> <span class='ocrx_word' id='word_1_243' title='bbox 1003 3570 1167 3632; x_wconf 88' lang='lat' dir='ltr'>animalibus</span> <span class='ocrx_word' id='word_1_244' title='bbox 1189 3589 1308 3650; x_wconf 89' lang='lat' dir='ltr'>quorum</span> 
     </span>
     <span class='ocr_line' id='line_1_32' title="bbox 184 3651 1050 3740; baseline -0.007 -19"><span class='ocrx_word' id='word_1_245' title='bbox 184 3661 219 3721; x_wconf 82' lang='lat' dir='ltr'>fit</span> <span class='ocrx_word' id='word_1_246' title='bbox 238 3661 342 3721; x_wconf 77' lang='lat' dir='ltr'>mentio</span> <span class='ocrx_word' id='word_1_247' title='bbox 367 3661 494 3740; x_wconf 82' lang='lat' dir='ltr'>Zepham</span> <span class='ocrx_word' id='word_1_248' title='bbox 516 3680 540 3718; x_wconf 91' lang='lat' dir='ltr'>c.</span> <span class='ocrx_word' id='word_1_249' title='bbox 565 3655 595 3720; x_wconf 88' lang='grc'>2.</span> <span class='ocrx_word' id='word_1_250' title='bbox 617 3678 643 3721; x_wconf 88' lang='lat' dir='ltr'>v.</span> <span class='ocrx_word' id='word_1_251' title='bbox 667 3653 718 3725; x_wconf 88' lang='grc'>14.</span> <span class='ocrx_word' id='word_1_252' title='bbox 751 3659 880 3735; x_wconf 83' lang='lat' dir='ltr'>Gottiug.</span> <span class='ocrx_word' id='word_1_253' title='bbox 907 3651 998 3718; x_wconf 91' lang='grc'><strong>1769.</strong></span> <span class='ocrx_word' id='word_1_254' title='bbox 1020 3656 1050 3716; x_wconf 88' lang='grc'>4.</span> 
     </span>
    </p>
   </div>
   <div class='ocr_carea' id='block_1_19' title="bbox 338 3925 1173 4070">
    <p class='ocr_par' dir='ltr' id='par_1_21' title="bbox 338 3925 1173 4070">
     <span class='ocr_line' id='line_1_33' title="bbox 338 3925 1173 4070; baseline -0.011 0"><span class='ocrx_word' id='word_1_255' title='bbox 338 3984 390 4070; x_wconf 84' lang='lat' dir='ltr'>d.</span> <span class='ocrx_word' id='word_1_256' title='bbox 445 3925 863 4068; x_wconf 69' lang='lat' dir='ltr'>Testamentum</span> <span class='ocrx_word' id='word_1_257' title='bbox 893 3998 1112 4062; x_wconf 72' lang='lat' dir='ltr'>nouum</span> <span class='ocrx_word' id='word_1_258' title='bbox 1172 4025 1173 4028; x_wconf 17' lang='grc' dir='ltr'><strong><em>κ</em></strong></span> 
     </span>
    </p>
   </div>
   <div class='ocr_carea' id='block_1_20' title="bbox 477 4185 975 4259">
    <p class='ocr_par' dir='ltr' id='par_1_22' title="bbox 477 4185 975 4259">
     <span class='ocr_line' id='line_1_34' title="bbox 477 4185 975 4259; baseline -0.004 0"><span class='ocrx_word' id='word_1_259' title='bbox 477 4205 555 4259; x_wconf 83' lang='lat' dir='ltr'>aa.</span> <span class='ocrx_word' id='word_1_260' title='bbox 608 4185 975 4258; x_wconf 65' lang='lat' dir='ltr'>Generatim.</span> 
     </span>
    </p>
   </div>
   <div class='ocr_carea' id='block_1_21' title="bbox 140 4339 1309 4454">
    <p class='ocr_par' dir='ltr' id='par_1_23' title="bbox 140 4339 1309 4454">
     <span class='ocr_line' id='line_1_35' title="bbox 140 4339 1309 4454; baseline -0.009 -15"><span class='ocrx_word' id='word_1_261' title='bbox 140 4379 220 4439; x_wconf 86' lang='lat' dir='ltr'>Guil.</span> <span class='ocrx_word' id='word_1_262' title='bbox 246 4376 345 4438; x_wconf 76' lang='lat' dir='ltr'>Ader</span> <span class='ocrx_word' id='word_1_263' title='bbox 372 4379 561 4439; x_wconf 74' lang='lat' dir='ltr'>enarrationes</span> <span class='ocrx_word' id='word_1_264' title='bbox 586 4380 622 4436; x_wconf 89' lang='lat' dir='ltr'>de</span> <span class='ocrx_word' id='word_1_265' title='bbox 645 4377 768 4454; x_wconf 86' lang='lat' dir='ltr'>aegrotis</span> <span class='ocrx_word' id='word_1_266' title='bbox 798 4381 827 4435; x_wconf 84' lang='lat' dir='ltr'>et</span> <span class='ocrx_word' id='word_1_267' title='bbox 851 4374 955 4434; x_wconf 88' lang='lat' dir='ltr'>morbis</span> <span class='ocrx_word' id='word_1_268' title='bbox 983 4373 1012 4430; x_wconf 90' lang='lat' dir='ltr'>in</span> <span class='ocrx_word' id='word_1_269' title='bbox 1039 4369 1204 4446; x_wconf 82' lang='lat' dir='ltr'>Evangelio.</span> <span class='ocrx_word' id='word_1_270' title='bbox 1239 4339 1309 4429; x_wconf 51' lang='lat' dir='ltr'>¹To·</span> 
     </span>
    </p>
   </div>
   <div class='ocr_carea' id='block_1_22' title="bbox 182 4449 1307 4539">
    <p class='ocr_par' dir='ltr' id='par_1_24' title="bbox 182 4449 1307 4539">
     <span class='ocr_line' id='line_1_36' title="bbox 182 4449 1307 4539; baseline -0.01 -15"><span class='ocrx_word' id='word_1_271' title='bbox 182 4464 263 4526; x_wconf 77' lang='lat' dir='ltr'>losse</span> <span class='ocrx_word' id='word_1_272' title='bbox 274 4459 367 4526; x_wconf 85' lang='grc'><strong>1620.</strong></span> <span class='ocrx_word' id='word_1_273' title='bbox 377 4460 408 4528; x_wconf 85' lang='grc'>8.</span> <span class='ocrx_word' id='word_1_274' title='bbox 421 4460 538 4539; x_wconf 90' lang='grc'><strong>(1621.)</strong></span> <span class='ocrx_word' id='word_1_275' title='bbox 553 4459 645 4528; x_wconf 85' lang='grc'><strong>1623.</strong></span> <span class='ocrx_word' id='word_1_276' title='bbox 657 4458 689 4527; x_wconf 85' lang='grc'>8.</span> <span class='ocrx_word' id='word_1_277' title='bbox 697 4496 737 4510; x_wconf 83' lang='grc'>-</span> <span class='ocrx_word' id='word_1_278' title='bbox 747 4460 844 4521; x_wconf 78' lang='lat' dir='ltr'>Recus.</span> <span class='ocrx_word' id='word_1_279' title='bbox 854 4463 885 4519; x_wconf 81' lang='lat' dir='ltr'>in</span> <span class='ocrx_word' id='word_1_280' title='bbox 899 4458 1001 4518; x_wconf 88' lang='lat' dir='ltr'>Critica</span> <span class='ocrx_word' id='word_1_281' title='bbox 1012 4475 1090 4517; x_wconf 83' lang='lat' dir='ltr'>sacra</span> <span class='ocrx_word' id='word_1_282' title='bbox 1100 4454 1162 4519; x_wconf 89' lang='lat' dir='ltr'>Vll.</span> <span class='ocrx_word' id='word_1_283' title='bbox 1174 4474 1202 4534; x_wconf 88' lang='lat' dir='ltr'>p.</span> <span class='ocrx_word' id='word_1_284' title='bbox 1215 4449 1307 4516; x_wconf 88' lang='grc'><strong>1446.</strong></span> 
     </span>
    </p>
   </div>
   <div class='ocr_carea' id='block_1_23' title="bbox 0 0 1456 4974">
    <p class='ocr_par' dir='ltr' id='par_1_25' title="bbox 0 0 1456 4974">
     <span class='ocr_line' id='line_1_37' title="bbox 0 0 1456 4974; baseline 0 0"><span class='ocrx_word' id='word_1_285' title='bbox 0 0 1456 4974; x_wconf 95' lang='lat' dir='ltr'> </span> 
     </span>
    </p>
   </div>
  </div>
 </body>
</html>
