2874 4974
582 303 721 365 Medicina
746 304 854 366 biblica.
1243 307 1304 376 113

128 457 198 518 Chr.
227 455 355 520 Ehrenir.
392 456 634 519 Eschenbach
666 477 761 536 progr.
792 460 830 517 de
855 459 962 518 effluxu
989 459 1133 535 sanguinis
1162 468 1191 522 et
1211 483 1302 543 aquae

174 563 192 601 e
217 543 305 602 latere
326 543 430 600 Christi
450 545 591 621 perfosso,
617 544 739 603 miraculi
759 545 871 602 defectu
892 564 950 602 non
970 544 1123 610 laborante.
1166 549 1301 619 Rostoch.

177 622 271 691 1775.
295 623 325 687 4.
348 627 435 686 Redit
455 632 486 687 ist
507 628 606 706 Ejusd.
629 629 731 707 Seript.
753 630 827 686 med.
851 629 918 692 bibl.
942 649 1010 707 pag.
1026 625 1069 688 82
1093 650 1135 707 sq.

130 712 206 772 Gen.
228 713 337 789 Wollg.
361 713 488 772 Wedel
513 715 579 772 diss.
606 715 642 772 de
663 716 767 772 sudore
786 713 889 771 Christi
914 723 1037 774 cruento.
1080 715 1143 775 Jen.
1164 713 1254 780 1686.
1271 718 1302 787 4.

175 797 272 856 Recto.
299 801 330 857 in
356 798 458 857 Wedel
483 818 570 861 exerc.
592 800 691 857 medic.
720 798 815 877 philol.
855 798 937 858 Cent.
967 798 989 862 l.
1007 800 1077 860 dec.
1104 797 1132 859 3.
1154 822 1181 860 n.
1208 801 1238 865 2.

129 881 178 942 Jo.
202 882 281 942 Frid.
302 882 425 959 Mayer
450 885 486 942 de
506 886 610 943 sudore
625 884 729 942 Christi
740 882 906 960 sanguineo.
949 883 1156 963 Gryphiswald.
1170 883 1260 951 1706.
1273 888 1303 958 4.

176 963 313 1031 (Auctoris
331 963 470 1032 theologi.)
1389 1007 1391 1010 .

130 1033 208 1112 Aug.
228 1036 371 1095 Calmet
395 1042 481 1116 (resp.
503 1034 601 1113 Alliot)
628 1056 676 1096 sur
694 1037 721 1095 la
743 1055 828 1096 sueur
853 1037 889 1096 de
912 1055 984 1114 sang
1002 1037 1039 1098 de
1057 1038 1084 1101 J.
1096 1038 1199 1100 Christ.
1225 1041 1303 1103 Paris

129 1115 339 1265 Ηε111170110811
371 1207 443 1285 disp.
475 1205 652 1283 theologicae
681 1205 729 1264 lll.
759 1206 796 1265 de
823 1207 927 1266 sudore
955 1206 1058 1266 Christi
1084 1210 1239 1286 sanguineo
1266 1215 1305 1272 ad

175 1289 245 1349 Luc.
266 1290 356 1351 XXII.
381 1287 433 1354 44.
476 1290 571 1368 Lugd.
593 1293 658 1351 Bat.
682 1285 773 1351 1726.
800 1286 831 1347 4.

129 1375 177 1434 Jo.
204 1376 270 1439 Chr.
298 1377 410 1436 Stock
432 1378 468 1435 de
499 1379 603 1436 sudore
630 1377 783 1453 sanguineo
812 1374 916 1433 Christi
944 1375 1016 1454 disp.
1043 1376 1064 1434 1.
1091 1382 1121 1436 et
1151 1377 1186 1442 11.
1217 1379 1306 1441 Jenae

131 1455 355 1604 (11115111111111.
387 1544 621 1604 Eschenbach
654 1564 752 1624 progr.
785 1545 822 1602 de
858 1544 962 1602 sudore
998 1544 1102 1603 Christi
1139 1549 1304 1624 sanguineo.

174 1631 312 1690 Rostoch.
335 1625 427 1692 1766.
453 1626 485 1689 4.
506 1663 550 1674 -
568 1629 657 1688 Redit
670 1634 699 1688 in
714 1631 813 1706 Ejusd.
825 1629 929 1706 Script.
944 1631 1017 1687 med.
1043 1629 1112 1688 bibl.
1125 1651 1191 1710 pag.
1210 1627 1251 1692 73
1261 1653 1305 1712 eq.

131 1714 205 1775 Gen.
228 1715 337 1792 Wolfg.
359 1716 485 1775 Wedel
508 1718 544 1775 de
571 1738 685 1795 αγωνια
700 1714 813 1773 Christi.
856 1713 918 1776 Jen.
948 1709 1038 1774 1704.
1059 1712 1089 1773 4.

131 1800 233 1864 Claud.
261 1801 460 1860 Salmasius
488 1802 525 1859 de
548 1800 673 1879 hyssopo
699 1802 728 1858 in
756 1818 837 1857 cruce
863 1798 982 1870 Christi,
1018 1801 1098 1877 epist.
1128 1800 1178 1864 Ill.
1208 1800 1305 1880 Lugd.

174 1887 240 1945 Bat.
265 1879 355 1944 1646.
376 1881 406 1945 8.
431 1920 474 1930 -
495 1886 619 1960 Ejusd.
647 1884 792 1963 responsio
814 1885 851 1942 ad
878 1885 1090 1942 Beverovicium
1120 1886 1158 1944 de
1182 1886 1307 1968 hyssopo

176 1969 331 2046 Evangelii.
374 1969 464 2029 Amst.
489 1965 580 2029 1654.
610 1966 661 2029 11.
694 1975 816 2042 (Forsan
843 1973 915 2025 idem
940 1975 1033 2043 opus.)
1347 1984 1349 1989 ⁴

130 2056 178 2116 Jo.
202 2051 276 2114 Geo.
297 2055 445 2153 Ι11111111
467 2057 505 2114 de
525 2062 595 2135 potu
615 2055 700 2114 felleo
722 2060 751 2114 et
780 2059 893 2113 acetoso
918 2054 1030 2112 Christo
1051 2061 1204 2154 porrecto.
1246 2056 1308 2117 Gn-

131 2135 432 2286 111111111111104111
453 2224 544 2284 nardo
561 2224 662 2303 pistica
684 2242 718 2283 ex
736 2223 851 2282 historia
868 2222 1006 2302 passionis
1024 2221 1197 2283 Dominieae.
1228 2223 1308 2306 Lips.

131 2305 481 2456 611117010111111111
511 2412 607 2473 progr.
629 2392 666 2452 de
694 2396 785 2451 morte
806 2391 960 2451 Salvatoris
980 2392 1009 2450 in
1038 2409 1127 2455 cruce.
1177 2392 1308 2476 Gotting.

132 2473 764 2625 0117511οό011(111111110111111.
788 2559 874 2621 Ferd.
897 2559 1039 2619 Gruner
1065 2560 1131 2619 diss.
1153 2561 1249 2638 inaug.
1272 2565 1310 2623 de

176 2650 246 2709 Jesn
269 2648 372 2707 Christi
398 2654 488 2724 morte
507 2668 575 2707 vera
599 2668 657 2706 non
675 2648 846 2725 syncoptica.
888 2646 950 2704 Jen.
966 2641 1058 2705 1800.
1070 2641 1099 2704 8.
1119 2679 1162 2690 —-
1175 2643 1245 2705 Non.
1267 2648 1309 2708 ed.

176 2734 245 2794 Hal.
268 2727 360 2796 1805.
385 2729 415 2792 8.
439 2752 493 2795 acc.
520 2733 587 2792 Chr.
614 2732 675 2790 Gsr.
699 2732 844 2790 Gruner
869 2731 1006 2789 vindiciae
1025 2730 1122 2789 mortis
1145 2730 1172 2790 J.
1189 2732 1244 2792 Ch.
1260 2752 1310 2792 ve·

177 2838 228 2879 rae
250 2824 275 2876 et
295 2818 392 2877 Herm.
415 2817 584 2895 Conring
611 2820 647 2876 de
678 2816 704 2878 J.
727 2817 779 2875 Ch.
808 2822 922 2875 cruento
948 2818 1051 2875 sudore
1078 2816 1234 2891 discursus,
1264 2822 1311 2899 psi

177 2902 330 2999 1111111111.
360 2898 444 2962 1644
471 2905 561 2980 primo
587 2901 738 2982 prodierat.
775 2906 942 2976 (Diligenter
962 2912 991 2959 et
1011 2905 1119 2959 erudite
1139 2907 1311 2980 conscriptus

132 2985 297 3118 Luiiieriis.
325 3054 600 3115 Schmidtmann
633 3055 845 3114 einleuchtende
880 3054 1311 3134 medicinisch-philosophische

177 3143 315 3215 Beweise,
341 3142 406 3199 dass
430 3140 512 3199 Jesus
534 3141 601 3200 Chr.
624 3140 696 3199 nach
720 3142 771 3200 der
795 3160 831 3198 an
851 3140 908 3198 ihm
924 3140 1109 3216 vollzogenen
1124 3139 1311 3220 Kreuzignng

177 3227 256 3287 nicht
276 3246 334 3284 von
356 3226 431 3284 einer
457 3224 657 3284 todiihnliehen
689 3225 849 3295 Ohnmacht
869 3225 989 3284 beiallen
1012 3244 1158 3300 gewesen,
1186 3228 1309 3286 sondem

178 3311 320 3372 wahrhast
344 3310 495 3387 gestorben
524 3311 584 3369 und
606 3311 711 3368 darauf
728 3311 831 3370 wieder
850 3329 908 3368 von
934 3311 990 3369 den
1013 3309 1130 3369 Tndten
1152 3311 1310 3369 anferstan-

179 3399 238 3456 den
261 3415 318 3474 sey.
364 3395 531 3454 Osnabri'rclr
558 3389 650 3457 1830.
672 3390 703 3453 8.

136 3482 215 3542 Gen.
237 3481 346 3557 Wolfg.
371 3478 496 3539 Wedel
519 3482 555 3538 de
577 3479 779 3537 balsamatione
805 3477 930 3557 corporis
949 3476 1063 3534 Christi.
1098 3474 1161 3540 Jen.
1174 3471 1267 3541 1690.
1278 3475 1309 3544 4.

178 3567 279 3629 Becco.
293 3569 324 3624 in
344 3564 446 3623 Wedel
471 3584 560 3624 exerc.
581 3566 655 3624 med.
676 3563 773 3644 philol.
796 3562 876 3622 Ceut.
898 3561 920 3626 1.
947 3563 1006 3621 dec
1029 3556 1059 3620 5.
1081 3581 1109 3620 n.
1135 3556 1165 3623 7.

133 3700 180 3712 -··
204 3700 245 3712 -
270 3669 307 3726 de
328 3671 418 3725 morte
438 3665 529 3725 Judae
551 3666 711 3745 proditoris.
754 3665 816 3723 Jen.
829 3659 921 3724 1686.
940 3659 970 3728 4.
986 3695 1026 3706 -
1042 3662 1138 3722 Recto.
1157 3667 1188 3722 io
1208 3664 1310 3726 Wede.

180 3772 271 3813 exerc.
295 3753 369 3814 med.
399 3751 493 3829 philol.
517 3752 597 3810 Ceut.
608 3749 630 3808 1.
643 3753 702 3810 dec.
719 3745 787 3812 l.n.
799 3743 827 3807 l.
850 3761 919 3826 (cfr.
940 3762 1026 3814 Andr.
1055 3763 1188 3815 Auster
1210 3763 1243 3814 ds
1259 3780 1310 3834 g..

178 3851 244 3888 cers
262 3834 357 3886 mortis
380 3833 467 3885 dudae
493 3831 519 3884 iu
544 3832 652 3900 Sylloge
675 3831 784 3900 disputt.
802 3829 935 3884 selectior.
959 3830 993 3882 ad
1010 3830 1103 3884 illustr.
1121 3829 1157 3887 V.
1174 3837 1202 3884 et
1219 3831 1256 3887 N.
1274 3831 1311 3890 T.

178 3902 241 3956 loca
257 3902 286 3955 in
304 3901 447 3955 Germania
465 3901 633 3970 conscriptor.
667 3899 775 3958 Amstel.
796 3898 871 3955 1701.
892 3897 966 3956 1702.
984 3899 1018 3967 f.)

133 3992 223 4052 Conr.
249 3990 449 4050 Johrenins
480 3995 564 4067 (resp.
596 3988 669 4052 Geo.
707 3987 782 4048 Petr.
815 3986 942 4063 Schultz)
988 3988 1026 4047 de
1053 3987 1168 4049 Christo
1199 3991 1309 4051 medico

176 4075 312 4138 Francos.
333 4077 371 4134 ad
389 4074 484 4133 Viadr.
509 4069 602 4136 1703.
613 4070 644 4136 4.

132 4179 214 4241 Hier.
244 4177 311 4240 Chr.
334 4176 525 4236 Gntsmuts
547 4175 613 4234 diss:
635 4175 730 4251 inaug.
751 4175 787 4234 de
806 4175 919 4234 Christo
938 4174 1057 4237 medico.
1086 4175 1148 4236 Jen.
1167 4170 1260 4238 1812.
1277 4172 1308 4238 8.

132 4282 220 4342 Mich.
247 4277 389 4340 Alberti
412 4283 495 4356 (resp.
526 4279 592 4337 Chr.
614 4295 658 4335 am
684 4277 777 4349 Ende)
806 4277 874 4338 diss.
891 4278 928 4335 de
946 4276 1081 4334 medicina
1097 4277 1199 4336 Christi
1215 4278 1311 4339 divina

176 4373 209 4426 et
237 4364 410 4427 miraculosa.
454 4363 520 4423 Hal.
550 4355 642 4421 1725.
665 4357 696 4420 4.
718 4394 760 4406 -
788 4361 921 4421 Reddin
949 4359 1048 4435 Ejusd.
1071 4361 1193 4439 Specim.
1221 4365 1310 4424 medi·

176 4451 258 4514 cinae
281 4448 468 4526 theologicae.
489 4448 555 4509 Η11.
578 4440 671 4506 1726.
694 4441 724 4509 8.
1301 4493 1305 4499 .

1035 4540 1056 4602 8
