2874 4974
169 305 212 372 60
608 309 749 370 Medicina
772 311 897 389 antiqua.

170 463 425 536 11616611166166
448 463 661 523 commentarius
688 465 716 522 in
744 465 818 523 Celsi
841 464 858 522 1.
883 464 942 529 Vll.
965 486 989 529 e.
1011 462 1079 543 26,
1103 466 1199 529 calculi
1227 467 1338 528 vesicae

211 570 296 608 manu
322 550 451 608 demendi
472 549 608 608 rationem
629 555 760 608 tractans.
804 550 897 612 Viteb.
921 547 1013 610 1600.
1039 551 1070 614 4.

168 633 255 699 Laur.
277 635 425 694 Heister
450 636 535 712 (resp.
557 635 583 696 J.
607 634 644 696 G.
665 635 815 711 llsemann)
836 636 873 694 de
898 636 1071 697 lithotomiae
1085 637 1231 696 Celsianae
1250 655 1335 715 prae·

211 721 316 780 stantia
343 727 371 778 et
398 741 459 781 usu.
503 720 677 779 Helmestad.
705 715 796 783 1745.
817 717 847 779 4.
880 754 923 764 -
954 721 1050 786 Remis.
1079 725 1109 781 ia
1137 723 1236 781 Haller
1260 721 1335 802 disp.

212 806 278 865 chir.
300 806 394 868 select.
418 804 524 863 Gallice
540 811 606 866 veri.
632 805 804 864 Sanohez.
825 805 912 864 Paris.
934 801 1025 866 1751.
1047 803 1098 870 12.

168 889 263 954 Carol.
293 890 371 950 Frid.
399 890 561 948 Clossius
584 889 667 967 (resp.
692 890 738 948 Jo.
764 890 848 968 Casp.
876 891 1018 969 Camerer)
1048 894 1114 950 diss.
1143 892 1243 951 sistens
1265 909 1335 949 ana-

209 975 282 1034 lecta
299 977 438 1051 quaedam
455 976 493 1033 ad
510 975 673 1034 methodum
685 975 858 1034 lithotomiae
873 976 1038 1035 Celsianam.
1061 977 1185 1052 Tubing.
1200 971 1334 1036 17924.

167 1059 243 1124 Dan.
263 1059 339 1124 Lud.
362 1061 526 1136 Riidiger
549 1055 657 1141 (praes.
683 1059 759 1120 Guil.
781 1060 901 1118 Godofr.
922 1061 1094 1139 Ploucquet)
1116 1062 1183 1123 diss.
1201 1062 1238 1120 de
1250 1079 1336 1140 prae-

211 1147 313 1204 stantia
334 1147 518 1223 eystotomiae
543 1145 697 1206 Celsianae.
740 1145 863 1221 Tubing.
886 1141 977 1206 1808.
999 1142 1046 1213 4.,

168 1230 281 1290 Sebast.
301 1229 369 1295 Ant.
385 1231 506 1291 Turck
528 1231 564 1288 de
586 1227 720 1288 l'incision
738 1232 885 1307 pratiquee
906 1250 958 1309 par
979 1232 1060 1290 Celse
1081 1234 1152 1290 dans
1166 1229 1335 1310 l’ope'ration

210 1315 248 1375 de
267 1315 296 1373 la
320 1316 395 1375 taille
419 1316 486 1374 chen
508 1315 548 1373 les
570 1315 705 1388 hommes,
728 1316 795 1374 diss.
839 1316 1011 1393 Strashourg
1036 1313 1129 1376 1818.Ι
1150 1311 1181 1375 4.

168 1398 235 1460 Car.
262 1400 327 1460 Glo.
360 1400 467 1460 Kiihn
493 1401 691 1459 commentatio
725 1400 753 1457 in
779 1400 854 1458 Celsi
880 1402 942 1460 libr.
968 1402 1031 1460 Vll.
1053 1423 1077 1461 c.
1099 1397 1151 1461 26.
1174 1401 1211 1459 66
1235 1399 1334 1458 calculi

176 1555 180 1562 .
208 1486 341 1559 sectione,
362 1505 458 1564 progr.
477 1485 583 1543 t-lv.
625 1484 704 1562 Lips.
718 1480 955 1544 1822182811.
989 1500 1058 1565 (cfr,
1073 1499 1208 1552 Palatia
1228 1497 1256 1550 i„
1274 1500 1334 1551 M..

209 1569 291 1620 morie
309 1568 369 1620 deit’
386 1569 491 1619 istitato
508 1567 617 1620 naaion.
636 1567 702 1622 ltnl.
722 1573 784 1618 tom.
803 1567 825 1620 1.
842 1583 908 1634 pore
928 1569 949 1621 l.
964 1585 992 1636 p.
1008 1568 1071 1622 686
1090 1587 1113 1632 ‚3
1137 1569 1256 1621 Bromi
1262 1565 1333 1621 ield

210 1637 330 1706 chirarg.
352 1637 533 1688 observatione
550 1635 606 1686 aad
624 1653 710 1699 cases,
727 1634 811 1687 Lond.
834 1635 922 1701 1773,
939 1636 1030 1707 Leipz.
1051 1587 1142 1700 11745
1177 1637 1333 1706 Delpeeh

211 1704 238 1756 in
258 1703 584 1768 116666666166161824,
605 1706 687 1769 Aout,
705 1721 734 1773 p.
756 1703 808 1767 81,-
844 1714 872 1757 et
889 1705 945 1763 Jos.
963 1707 1028 1761 Ero.
1046 1707 1141 1774 Ryba
1169 1706 1195 1759 in
1219 1708 1332 1760 Ammon

210 1774 405 1842 Monntsobrist
421 1777 474 1840 fiir
489 1773 607 1825 Modicia
625 1772 703 1838 1841,
726 1773 782 1826 Vol.
799 1774 850 1828 111.
864 1779 936 1842 fuso.
953 1773 979 1843 6,
993 1794 1061 1846 pag.
1078 1775 1129 1828 585
1144 1778 1204 1846 fg.)

166 1845 230 1923 Igu.
261 1845 363 1905 Franc.
394 1847 466 1905 Xav.
500 1846 702 1904 Schoeman
738 1849 933 1906 commentatio
959 1850 996 1907 de
1022 1849 1177 1908 lithotomia
1203 1848 1333 1908 Celsiano

209 1930 482 2006 critico-chirurgica.
525 1927 629 1989 Acced.
653 1926 675 1988 2
703 1931 781 1992 tabb.
808 1931 864 2010 lap.
888 1934 942 1992 inc.
985 1928 1164 1994 Jen.1841.
1189 1929 1220 1995 4.

167 2015 265 2076 Herm.
290 2016 336 2075 Jo.
359 2016 426 2075 Chr.
448 2014 540 2075 Fridr.
570 2016 1053 2093 Brandenburg-Schaeffer
1083 2020 1120 2076 de
1148 2024 1213 2084 arte,
1234 2019 1332 2079 obste-

209 2101 288 2160 tricia
311 2098 377 2162 Aul.
402 2101 488 2158 Corn.
513 2099 588 2158 Celsi
610 2102 807 2160 commentatio
830 2103 1155 2164 historico-obstetricia.
1198 2104 1331 2182 Gotting.

210 2181 304 2248 1837.
325 2182 357 2246 4.
401 2191 494 2259 (Opus
508 2190 587 2260 plene
602 2197 630 2242 et
645 2189 792 2258 diligenter
807 2193 1005 2262 compositum.)

167 2271 213 2333 Jo.
236 2271 325 2330 Henr.
351 2269 556 2349 Kromayer
578 2269 664 2350 (resp.
687 2272 733 2331 Jo.
758 2271 837 2333 Frid.
864 2275 990 2347 Schmid)
1015 2273 1115 2332 erroris
1130 2274 1269 2333 consessio
1285 2293 1332 2334 sa·

208 2357 296 2436 pienti
316 2356 486 2415 conveniens
514 2358 552 2415 ad
574 2357 648 2416 Cels.
671 2356 748 2416 Vlll.
770 2351 801 2415 4.
844 2358 907 2417 166.
931 2355 1023 2420 1724.
1047 2356 1079 2418 4.

164 2442 211 2503 Jo.
232 2442 321 2501 Henr.
344 2441 498 2500 Schulze
525 2443 609 2519 (resp.
631 2441 703 2500 Geo.
725 2440 834 2500 Leonh.
849 2442 941 2521 Huth)
962 2443 1122 2504 exercitatio
1144 2442 1240 2522 philol.
1254 2444 1331 2504 med.

208 2528 246 2588 de
267 2526 376 2586 ossibus
398 2528 624 2586 conserventibus
645 2528 682 2584 ad
705 2527 780 2588 Cels.
803 2526 879 2587 Vlll.
895 2523 923 2589 7.
946 2537 976 2588 et
996 2525 1047 2588 10.
1072 2524 1281 2591 4116111727.
1299 2524 1331 2590 4.

482 2711 538 2765 BB.
592 2712 824 2766 Scribonios
851 2713 1013 2785 Largus.

165 2813 232 2876 Car.
254 2815 319 2876 Glo.
341 2814 448 2875 Kiihn
469 2837 567 2895 progr.
585 2824 661 2878 cont.
676 2819 704 2878 in
720 2819 896 2880 Scribonium
913 2819 1038 2897 Largum
1059 2819 1331 2881 animadversionum

209 2901 323 2960 Ottonis
346 2900 494 2980 sperlingii
516 2904 665 2982 specimen.
689 2902 768 2982 Lips.
793 2901 885 2966 1825.
905 2903 936 2965 4.
982 2909 1164 2980 (sperlingius
1179 2915 1235 2966 nst.
1251 2911 1330 2980 1602,

208 2989 283 3037 mort
303 2989 363 3049 post
379 2982 454 3037 veria
472 2985 528 3037 teta
550 2984 624 3050 1681,
643 2994 757 3054 quatuor
773 2987 835 3041 roll.
852 3004 914 3042 mss.
934 2986 1108 3040 bibliothecae
1126 2987 1271 3040 Herniensi
1288 3005 1332 3042 re-

209 3051 300 3121 liquit,
331 3069 439 3120 quorum
457 3053 508 3107 duo
526 3053 560 3106 ad
578 3054 699 3110 scribon.
717 3054 797 3124 Larg.
819 3055 871 3110 duo
889 3056 923 3110 ad
940 3057 1007 3113 Plin.
1027 3055 1157 3112 Valerian.
1182 3056 1331 3126 pertinent3

208 3120 338 3193 specimen
355 3122 462 3178 eorund.
480 3122 523 3177 hic
540 3122 697 3190 exhibetur.)

477 3279 534 3335 CC.
588 3278 745 3334 Caelius
770 3279 1018 3334 Aurelianus.

165 3385 231 3446 Car.
253 3384 318 3446 Glo.
340 3384 449 3444 Kiihn
468 3405 565 3465 progr.
587 3388 624 3444 de
646 3386 742 3444 Caelio
764 3384 913 3445 Aureliano
938 3387 1010 3444 inter
1023 3385 1198 3445 methodicos
1208 3386 1331 3446 medicos

206 3471 284 3529 haud
304 3472 428 3546 ignobili.
471 3471 549 3548 Lips.
573 3468 665 3532 1816.
692 3467 722 3532 4.
748 3505 791 3516 -
822 3470 909 3529 Redit
927 3474 957 3529 in
978 3470 1078 3546 Ejusd.
1098 3490 1213 3551 opuscc.
1229 3473 1330 3532 acadd.

207 3550 300 3614 1828.
322 3555 387 3614 Vol.
408 3556 443 3613 ll.
471 3552 564 3633 1828,
585 3577 614 3634 p.
638 3551 730 3616 1-8.

164 3671 207 3684 -
231 3671 275 3682 ·-
323 3658 433 3716 progrr.
462 3640 527 3716 1111,
555 3642 753 3700 commentatio
787 3642 824 3699 de
855 3639 968 3697 medicis
993 3640 1133 3699 nonnullis
1171 3639 1277 3716 graecis
1302 3639 1332 3698 in

207 3722 295 3782 Caelii
326 3721 466 3782 Aureliani
487 3726 523 3783 de
547 3726 651 3783 morbis
677 3727 765 3784 acutis
789 3720 968 3785 112-17
1001 3725 1218 3783 occurrentibus.
1250 3722 1332 3802 Lips.

208 3803 301 3867 1820.
323 3803 355 3867 4.
379 3842 422 3853 -
450 3809 538 3867 Redit
557 3813 588 3868 io
612 3809 712 3885 Ejusd.
739 3828 852 3886 opuscc.
875 3811 975 3868 acadd.
1007 3810 1081 3870 Voll.
1104 3809 1140 3869 ll.
1175 3802 1269 3869 1828.
1302 3827 1332 3886 p.

208 3887 367 3951 86-149.
411 3899 464 3967 (De
478 3899 573 3952 Diocle
588 3898 715 3967 Carystio
732 3907 761 3951 et
775 3901 935 3967 Praxagoras
950 3899 1032 3967 Coo.)

165 4010 208 4024 —
228 4011 271 4022 —
301 3995 411 4053 progrr.
435 3980 513 4053 XlV,
542 3981 569 4038 in
592 3979 716 4038 Caelium
739 3977 918 4037 Aurelianum
942 3982 1027 4038 nota'e
1056 3977 1129 4037 Dan.
1154 3976 1231 4036 Guil.
1257 3975 1334 4036 Tril-

208 4062 257 4121 leri
271 4065 476 4140 manuscriptae
491 4085 553 4122 oum
567 4065 631 4122 viris
647 4065 737 4122 doctis
754 4065 998 4123 communicantur.
1019 4061 1098 4138 Lips.
1111 4055 1332 4122 1817-1827,

208 4142 303 4207 4.-
336 4147 423 4207 Redit
450 4153 479 4207 in
500 4149 601 4224 Ejusd.
625 4168 738 4223 opuscc.
763 4149 864 4208 acadd.
890 4149 955 4211 Vol.
977 4149 1014 4207 11.
1042 4141 1134 4206 1828.
1156 4165 1185 4223 p.
1214 4141 1333 4218 9-85‚

209 4227 401 4292 150-182.
445 4239 507 4306 (Ex
527 4239 577 4291 hac
597 4238 669 4290 serie
691 4245 916 4307 programmatum
932 4239 1060 4290 decimum
1075 4255 1133 4290 eum
1148 4236 1254 4289 duobus
1269 4252 1334 4306 pro-

207 4312 275 4366 xime
293 4314 459 4384 sequentibus
477 4315 566 4384 ipsius
577 4313 674 4368 Kishnii
693 4321 735 4368 est
753 4321 780 4368 et
797 4315 830 4368 de
848 4315 990 4368 Heraclide
1007 4313 1152 4368 Terentino
1172 4311 1250 4381 agit.)

165 4383 241 4452 Dan.
272 4387 357 4447 Wilh.
380 4388 518 4448 Triller
542 4387 703 4448 exercitatio
736 4389 773 4447 de
804 4388 931 4465 pityriasi
961 4388 1069 4447 vesicae
1097 4387 1135 4445 ad
1171 4388 1334 4462 corruptum

211 4472 352 4548 quendam
373 4472 460 4533 Caelii
480 4471 620 4534 Aureliani
641 4474 734 4533 locum
761 4473 955 4533 illustrandum
981 4479 1010 4533 et
1034 4471 1250 4533 emendandum.
1284 4469 1335 4530 Vi-
