2874 4972
191 296 260 365 100
701 298 864 361 Diaetetica
927 312 931 321 ·

501 447 548 546 t’.
610 447 1063 570 arumnorum.

198 622 296 682 Wotor
310 619 415 698 Bally
432 639 505 698 conp
522 620 605 680 d’oeil
615 640 664 679 sur
680 621 814 680 l’bistoire
831 623 868 681 de
878 621 906 679 la
916 623 1121 700 gymnastique.
1143 619 1222 681 Paris
1234 616 1326 684 1817.
1336 617 1366 684 8.

199 707 315 767 Hieron.
339 705 573 764 Mercurialis
598 707 635 764 de
656 712 717 764 arte
742 707 915 783 gymnastica
943 708 1004 765 libri
1026 727 1092 779 ser,
1113 707 1141 764 in
1164 708 1267 784 quibus
1288 726 1367 767 exer-

242 793 405 852 citationum
424 790 547 849 omnium
567 797 741 849 vetustarum
759 809 874 866 genera,
896 791 968 864 loca,
984 793 1069 865 modi,
1087 792 1234 852 facultates
1244 798 1274 851 et
1283 792 1367 868 quid-

241 878 309 953 quid
332 876 453 951 denique
477 876 515 932 ad
537 877 661 952 corporis
682 875 795 933 humani
822 876 1032 935 exercitationes
1051 876 1189 954 pertinet,
1217 876 1367 952 diligenter

240 961 401 1040 explicatur.
443 960 543 1022 Venet.
566 955 656 1022 1569.
677 956 724 1032 4.,
758 960 794 1019 ib.
825 954 918 1020 1573.
939 956 969 1019 4.
995 981 1052 1019 oum
1067 962 1144 1039 figg.
1174 961 1245 1037 ligo.
1265 964 1367 1033 incisis,

294 1067 307 1102 s
327 1047 407 1122 prior
427 1043 510 1101 editio
528 1064 581 1101 noo
601 1045 697 1115 habeb·
731 1042 818 1102 Paris.
844 1038 937 1105 1577.
963 1041 1003 1119 4.,
1031 1045 1131 1105 Venet.
1155 1040 1247 1107 1587.
1261 1043 1305 1120 4.,
1326 1047 1365 1109 11).

262 1125 334 1190 601.
363 1124 405 1207 4.,
438 1129 474 1186 ib.
504 1124 596 1187 1644.
627 1126 657 1186 4.
684 1133 763 1201 (edit.
784 1135 936 1202 posthuma,
957 1134 997 1187 Μ.
1019 1129 1043 1210 †
1070 1130 1172 1204 1606.).
1223 1129 1365 1191 Amsterd.

241 1209 334 1274 1672.
346 1209 377 1274 4.
399 1246 442 1257 -
461 1213 558 1274 Recas.
579 1216 610 1271 in
635 1213 757 1292 Opnscc.
780 1232 865 1272 aurea
886 1221 915 1272 et
936 1214 1088 1279 selectiora.
1110 1216 1210 1278 Venet.
1232 1210 1364 1276 16441.

241 1305 267 1358 et
286 1302 317 1358 iu
339 1298 385 1357 Jo.
410 1296 506 1357 Poleni
534 1297 728 1376 supplementa
757 1318 831 1356 nora
855 1300 892 1358 ad
918 1298 1044 1358 Gronov.
1070 1299 1216 1360 thesauros
1243 1300 1366 1378 antiqui·

239 1389 329 1442 tatum
351 1402 442 1459 graec.
465 1389 494 1442 et
514 1401 652 1447 romanor.
693 1383 793 1445 Venet.
820 1376 911 1446 1737.
933 1384 952 1441 s.
978 1390 1046 1448 tom.
1067 1384 1118 1444 111.

197 1467 244 1531 1ο.
265 1469 382 1528 Zachar.
407 1466 553 1526 Platner
570 1487 666 1545 progr.
688 1469 726 1526 de
747 1456 808 1527 arte
831 1469 1004 1545 gymnastico
1021 1475 1154 1528 veterum.
1176 1466 1254 1547 Lips.
1271 1461 1364 1529 1724.

239 1548 270 1615 4.
291 1587 334 1597 —
355 1552 441 1611 Redit
464 1555 495 1610 io
517 1552 639 1630 Opnscc.
659 1558 728 1613 tom.
752 1552 786 1613 11.
811 1572 840 1629 p.
864 1548 997 1617 11-20.
1039 1559 1093 1627 (De
1118 1557 1287 1628 gymnastico
1311 1574 1366 1612 rne-

240 1634 300 1688 dica
316 1632 446 1703 usquead
463 1632 646 1697 Paracelsum3
665 1633 698 1685 de
715 1633 782 1685 ludis
799 1635 935 1700 veterum.)

194 1704 259 1766 Pet.
282 1706 437 1765 Gericke
462 1703 594 1785 (Gerihe)
620 1707 657 1762 de
676 1707 866 1784 gymnasticae
891 1707 1016 1766 medicae
1036 1707 1137 1767 veteris
1161 1704 1366 1769 inventoribus.

238 1791 397 1850 Helmstad.
423 1784 514 1849 1748.
538 1784 568 1849 8.

198 1875 328 1935 Gerhard
349 1872 514 1932 Loebhcr
534 1873 580 1932 die
601 1872 768 1951 Gymnastilr
793 1876 844 1936 der
866 1875 1013 1941 Hellenen.
1066 1874 1195 1935 hliinster
1219 1870 1315 1937 1835.
1335 1870 1366 1934 8.

241 1955 313 2022 (Νοη
332 1954 440 2007 eruditis
457 1955 502 2007 sed
516 1953 613 2025 populo
631 1955 777 2025 scriptum.)

195 2029 242 2088 1ο.
270 2028 367 2085 Heinr.
392 2027 529 2086 Krause
557 2029 725 2104 Theagenes
747 2031 818 2088 oder
837 2029 1099 2089 wissenschastlichc
1117 2027 1300 2104 Darstellung
1316 2027 1368 2086 der

239 2112 415 2190 Gymnastik,
440 2110 587 2188 Agonistitr
610 2115 668 2172 und
689 2114 845 2195 Festspiele
869 2116 920 2175 der
940 2114 1088 2179 Hellenen.
1117 2109 1145 2173 1.
1170 2112 1237 2173 Tbl.
1261 2108 1367 2177 111)-

237 2196 373 2273 theilung.
416 2196 498 2255 Halle
525 2193 615 2257 1835.
630 2193 660 2260 8.

195 2316 241 2332 -
256 2283 356 2340 -die
377 2282 544 2359 Gymnastih
566 2283 623 2340 und
643 2282 793 2359 Agonistik
809 2286 861 2342 der
876 2282 1014 2343 Hellenen
1035 2280 1280 2341 wissenschaitlich
1297 2280 1365 2341 dar·

240 2367 360 2445 gestellt.
380 2362 487 2426 ande.
512 2369 563 2425 mit
584 2362 703 2426 361irh.
728 2369 795 2429 Tar.
838 2367 958 2447 Leipzig
977 2364 1068 2427 1841.
1093 2363 1124 2426 8.

196 2470 272 2532 Petr.
291 2469 407 2528 Faber
432 2466 539 2547 (Pierre
564 2469 604 2527 du
627 2469 717 2549 Faur)
740 2470 915 2546 agonisticon
940 2470 998 2528 sive
1023 2470 1060 2528 de
1080 2486 1111 2527 re
1132 2466 1262 2527 athletica
1274 2466 1366 2527 ludis-

239 2574 295 2633 qne
316 2562 442 2613 veterum
466 2554 617 2630 gymnicis,
648 2556 760 2613 musicis
788 2561 875 2632 atque
896 2553 1061 2613 circensibus
1082 2552 1286 2631 spicilegiornm
1307 2558 1365 2611 tra-

198 2682 201 2687 ·
239 2646 340 2700 ctatns.
364 2637 461 2715 Lugd.
482 2633 570 2696 1592.
589 2633 635 2712 4.,
656 2636 692 2697 rb.
716 2634 808 2698 1595.
817 2635 848 2698 4.
864 2674 903 2684 —
922 2639 1000 2697 Aust.
1025 2641 1056 2696 r'u
1077 2637 1191 2696 Graevii
1213 2636 1287 2697 thes.
1311 2655 1365 2696 an·

238 2725 310 2800 liqu.
331 2723 433 2784 Graec.
454 2723 531 2782 Vlll.
557 2727 650 2797 (Opus
672 2728 810 2799 copiosum
833 2734 863 2781 et
887 2727 1049 2781 eruditionis
1068 2727 1192 2797 plenum
1217 2725 1267 2781 lib.
1292 2726 1363 2795 rar.)

195 2827 241 2886 Jo.
262 2825 352 2884 Heur.
377 2822 533 2883 Schulze
562 2823 648 2903 (resp.
675 2825 752 2885 Frid.
778 2826 949 2900 Hoffmann)
979 2826 1044 2883 diss.
1070 2826 1167 2902 inaug.
1189 2825 1226 2885 de
1250 2823 1363 2884 athletis

237 2916 362 2969 veterum
383 2927 537 2984 eorumque
557 2910 650 2968 diaeta
672 2917 701 2968 et
727 2911 835 2969 habitu.
874 2911 941 2973 Hal.
963 2904 1054 2972 1717.
1080 2903 1110 2975 4.
1146 2944 1188 2955 -
1211 2907 1307 2968 Redit
1333 2911 1365 2968 iu

235 2993 372 3052 collectio
393 2993 626 3052 dissertationum.
652 2994 718 3058 Hal.
741 2990 831 3056 1743.
856 2991 887 3055 4.

193 3100 237 3141 ’--
258 3127 298 3140 -
322 3094 412 3170 (resp.
443 3090 567 3154 Nathan.
595 3096 796 3173 Baumgarten)
832 3097 1041 3156 observationes
1068 3096 1208 3172 quaedam
1235 3094 1273 3153 ad
1303 3112 1363 3153 rem

236 3178 415 3239 athlethicam
432 3179 610 3255 pertinentes.
633 3181 698 3240 Hal.
720 3176 813 3241 1737.
838 3178 869 3240 4.
900 3188 1008 3253 (Parum
1022 3186 1057 3238 ad
1070 3185 1226 3238 medicinam
1237 3182 1363 3250 iaciens.)

195 3281 261 3345 Chr.
284 3281 453 3340 Rosbech
477 3281 515 3339 de
538 3278 712 3345 πεντάθλου
733 3301 754 3340 s.
780 3283 960 3343 certaminum
979 3283 1171 3360 gymnicorum
1183 3283 1260 3359 apud
1271 3281 1363 3341 Grae-

236 3386 286 3427 cos
307 3367 424 3444 origine,
448 3386 513 3425 cum
536 3368 724 3448 adplicatione
745 3369 782 3426 ad
807 3387 852 3426 res
873 3369 987 3446 patrias.
1024 3367 1121 3447 Upsah
1151 3360 1243 3428 1751.
1272 3361 1305 3428 4.

194 3470 259 3529 Car.
282 3468 426 3547 Philipp
453 3470 490 3528 de
510 3470 655 3546 pentathlo
682 3489 704 3533 s.
727 3467 905 3544 quinquertio
927 3474 1075 3528 comment.
1100 3466 1194 3527 Berol.
1214 3461 1308 3528 1827.
1328 3461 1361 3531 8.

236 3549 494 3617 (Comprehendebat
509 3550 660 3618 pentathlon
676 3550 778 3613 saltum,
797 3564 908 3613 camum
926 3549 1040 3614 discum,
1056 3549 1160 3613 hastas,
1177 3546 1360 3614 luctationem

237 3619 286 3674 cfr.
304 3617 399 3671 Disssn
415 3617 448 3671 ad
466 3617 573 3670 Pindar.
596 3626 623 3671 et
641 3619 701 3674 Gir.
719 3617 850 3669 Hermann
867 3616 894 3668 in
913 3616 1027 3686 Opnscc.
1045 3617 1093 3674 VI.
1111 3618 1152 3684 b.)

192 3707 240 3768 Jo.
266 3706 301 3768 E.
327 3707 369 3765 ab
396 3703 622 3764 Aversvalda
643 3707 680 3764 de
701 3712 827 3764 veterum
852 3711 912 3765 arte
935 3706 1068 3771 luctandi.
1110 3706 1204 3765 Viteb.
1222 3698 1316 3769 1720.
1328 3701 1360 3765 4.

193 3808 249 3870 Gli.
272 3807 368 3866 Heinr.
390 3807 667 3884 Kannegiesser
684 3806 774 3865 oratio
790 3808 828 3866 de
847 3813 972 3867 veterum
982 3807 1121 3889 pugilatu,
1137 3807 1263 3868 sanitatis
1275 3824 1361 3888 prae·

235 3892 306 3951 sidio
327 3892 437 3970 insigni.
479 3892 574 3952 Kilon.
597 3887 688 3955 1761.
709 3888 739 3952 4.

438 4100 499 4196 g.
566 4076 1110 4176 connsuetudinem

191 4261 295 4323 Martia
310 4264 403 4323 Heer
430 4264 601 4344 Hermippus
627 4268 774 4326 redivivus.
805 4267 937 4327 Francos.
960 4261 1050 4329 1742.
1072 4261 1101 4328 8.
1122 4297 1166 4311 -
1186 4263 1270 4341 Angl.
1289 4269 1358 4322 oar.

234 4348 310 4480 ¹John
324 4349 419 4496 )Hill.
442 4349 535 4411 Lond.
556 4345 648 4410 1749.
666 4347 695 4410 8.
723 4358 779 4425 (De
796 4356 878 4426 longa
894 4357 953 4411 vita
966 4355 1111 4426 Hermippi
1125 4373 1160 4408 ex
1173 4353 1260 4409 halitu
1280 4353 1360 4424 puel·

243 4444 323 4484 arum.
