2874 4974
593 267 733 328 Medicina
755 270 863 335 biblica.
1247 271 1311 336 103

182 421 358 496 macologiae
389 438 501 495 sacrae,
531 423 569 480 de
589 423 760 499 antinoum,
786 423 877 482 cicuta
904 431 933 484 et
958 425 1035 502 pisce
1062 443 1166 502 magno
1199 422 1310 488 Tobiae

183 509 243 565 sive
256 505 352 578 siluro,
372 525 406 565 ex
422 507 511 564 tribus
525 517 643 567 naturae
653 509 746 584 reguis
758 510 925 569 desumtum.
956 509 1161 587 Gryphiswald.
1176 506 1267 575 1708.
1277 511 1307 573 4.

185 586 307 656 (Majoris
327 587 413 656 operis
431 588 593 656 prodromos,
611 591 679 658 qnod
697 591 779 642 lucem
796 590 923 659 publicam
941 608 992 644 non
1005 591 1148 660 adspexit.)

136 661 186 724 Jo.
211 661 270 718 Jac.
291 660 388 718 Bose
409 662 492 739 (resp.
516 661 674 721 Hickmaun
699 659 766 744 etc.)
788 663 825 720 de
845 665 1006 740 potionibus
1028 665 1176 723 mortiferis
1200 669 1238 726 ad
1259 687 1308 727 va·

184 747 241 804 rios
263 745 424 823 Scripturae
444 745 533 816 locos,
555 746 620 810 diss,
642 747 664 809 l.
686 755 715 807 et
738 747 772 810 ll.
815 746 893 826 Lips.
918 743 1008 808 1736.
1032 744 1124 814 1737.
1150 747 1179 814 4.

334 877 411 950 hb.
452 868 801 966 Mineraloolcu
826 885 873 951 et
897 881 1116 954 chemtcu.

137 998 186 1060 De
209 999 263 1057 llll
283 1001 401 1075 gemmis
423 999 565 1058 rationalis
586 1003 683 1058 summi
705 1004 858 1061 sacerdotis
879 1003 1036 1063 Hebraeor.
1061 1005 1109 1063 lib.
1137 1006 1174 1063 ad
1195 1004 1306 1065 Diodo-

182 1103 252 1142 rum.
283 1084 382 1142 Prodit
406 1104 481 1143 nunc
500 1087 591 1163 primo
616 1106 651 1145 ex
672 1088 787 1164 antiqua
812 1089 939 1147 versione
966 1089 1051 1148 latina
1077 1092 1172 1149 studio
1203 1090 1306 1152 Franc.

182 1169 359 1245 Foggiuii.
402 1169 485 1231 Rom.
509 1165 601 1235 1743.
625 1167 654 1235 4.

137 1251 228 1312 Andr.
250 1254 357 1312 Bacci
382 1254 408 1314 le
430 1253 483 1312 Xll
508 1257 598 1332 pietre
618 1256 741 1334 pretiose
767 1257 794 1315 le
816 1257 894 1333 quali
918 1259 1100 1317 adornavauo
1122 1260 1131 1316 i
1152 1261 1307 1319 vestimenti

183 1338 229 1397 del
248 1359 357 1398 sommo
378 1340 525 1398 sacerdote
551 1347 602 1399 etc.
625 1343 708 1399 Rom.
735 1336 825 1402 1587.
846 1337 877 1406 4.
909 1375 952 1387 -
981 1341 1084 1402 Latine
1108 1351 1172 1404 vert.
1200 1345 1306 1422 Wolr'g.

182 1424 442 1483 Gabelchover.
467 1424 600 1489 Francos.
624 1421 715 1485 1603.
732 1421 761 1488 8.

136 1509 198 1567 Jac.
224 1510 346 1587 Schop
354 1529 419 1588 per
438 1509 553 1569 biblisch
577 1509 889 1588 Edelgesteiubiichlein
918 1516 970 1576 etc.
1015 1508 1126 1574 Niirnb.
1153 1508 1306 1572 160412.

185 1591 248 1655 Cum
261 1594 338 1671 figg.
363 1596 438 1670 ligno
458 1597 535 1660 iocis.
1211 1637 1212 1640 =

136 1679 184 1737 Jo.
207 1680 366 1760 Spencer
392 1680 460 1738 urim
483 1686 512 1738 et
536 1680 691 1744 thummim.
734 1679 898 1756 Cantabrig.
922 1672 1064 1742 16708.

136 1763 241 1823 Mettis
268 1763 389 1823 Hiller
410 1766 446 1823 de
475 1766 593 1841 gemmis
616 1765 671 1824 Xll
699 1765 728 1823 iu
757 1765 892 1843 pectorali
920 1763 1023 1822 Pontis.
1051 1764 1140 1829 Hebr.
1182 1764 1306 1842 Tubiug.

182 1844 274 1916 1698.
299 1845 329 1912 4.
354 1883 397 1894 -
418 1848 534 1909 Accedit
553 1852 584 1909 S.
605 1850 835 1929 Epiphanius
856 1850 893 1908 de
913 1849 968 1908 Xll
994 1851 1111 1927 gemmis
1133 1869 1195 1908 cum
1219 1853 1307 1909 auim-

181 1934 370 1998 adversionih.
393 1934 436 1995 Cl.
449 1935 618 1994 Salmasii
635 1941 664 1994 et
681 1935 760 1993 aliur.
793 1935 916 2012 Tubiug.
944 1930 1035 1995 1698.
1056 1930 1085 1998 4.
1129 1941 1200 2009 (Cir.
1222 1941 1306 1993 Conr.

182 2017 315 2069 Gesner
333 2016 366 2069 de
383 2014 464 2070 fossil.
482 2016 578 2085 Tigur.
596 2015 671 2070 1565.
694 2015 732 2085 8.)

135 2089 184 2147 Jo.
199 2089 287 2149 Henr.
312 2087 543 2148 Lestevenou
565 2091 602 2149 de
616 2089 732 2166 gemmis
748 2088 777 2146 in
794 2087 928 2167 pectorali
950 2094 1004 2146 etc.
1030 2107 1159 2148 necnon
1180 2090 1216 2150 de
1237 2090 1307 2170 lapi-

182 2174 238 2233 dib.
261 2174 299 2231 ad
320 2173 422 2232 Esaiae
442 2169 494 2250 54,
515 2193 542 2234 v.
569 2170 618 2234 ll.
642 2171 690 2234 12.
734 2172 849 2232 Amstel.
876 2167 968 2231 1736.
990 2167 1020 2232 4.

137 2258 213 2317 Geo.
236 2257 309 2317 Guil.
332 2259 543 2318 Dietericus
565 2259 736 2318 duodeuium
757 2277 874 2316 sacrum.
910 2256 1070 2334 Numburg.
1096 2252 1188 2317 1714.
1213 2256 1243 2321 4.

136 2344 184 2403 Jo.
195 2343 292 2402 Joaeh.
304 2343 383 2402 Bell
392 2363 536 2402 ermanu
558 2346 604 2403 die
620 2344 699 2403 Urim
717 2345 774 2400 und
787 2343 957 2416 Thumrnim,
970 2343 1015 2400 die
1029 2343 1148 2401 altesteu
1160 2343 1304 2408 Gemmen.

179 2427 273 2487 Berlin
293 2423 384 2489 1824.
396 2424 425 2487 8.
453 2427 483 2496 0.
507 2432 582 2487 icone
602 2432 679 2506 picto
704 2431 827 2485 vestitam
849 2426 881 2489 S.
904 2425 1060 2485 Sacerdotis
1082 2428 1227 2486 exhibente.

135 2515 205 2576 Car.
226 2511 293 2576 Ant.
312 2511 343 2570 N
350 2514 478 2593 apione
499 2515 632 2573 memoria
653 2513 695 2571 sul
716 2512 840 2570 lincurio.
882 2512 966 2571 Rom.
994 2506 1084 2570 1795.
1109 2508 1139 2570 4.

135 2599 210 2662 Geo.
235 2598 343 2674 Wolfg.
362 2598 487 2664 Wedel
509 2600 545 2658 de
569 2600 678 2676 iaspide
698 2599 860 2675 scripturae.
904 2597 966 2656 Jen.
990 2590 1083 2656 1700.
1105 2595 1191 2660 4,-
1208 2594 1303 2656 Renes.

178 2688 209 2742 io
230 2683 330 2742 Wedel
352 2683 450 2746 Exere.
476 2685 550 2745 med.
576 2684 672 2762 philol.
708 2683 788 2741 Cent.
809 2684 832 2745 l.
855 2684 914 2740 dec.
938 2677 990 2744 10.
1015 2701 1043 2740 n.
1065 2677 1096 2740 8.

132 2768 205 2829 Paul
227 2767 334 2847 Sperl
362 2770 399 2826 de
423 2769 509 2827 sacris
530 2769 640 2827 fabricis
665 2768 807 2827 metallicis
829 2767 971 2846 speciatim
996 2767 1133 2844 ferrariis,
1164 2769 1202 2825 ad
1232 2767 1302 2825 titul.

177 2854 290 2921 Codicis
312 2854 348 2912 de
363 2852 435 2911 fabri
460 2855 607 2928 censibus.
640 2853 707 2912 Ulm
733 2847 826 2914 1743.
845 2848 875 2916 4.

130 2939 180 2999 1ο.
202 2938 346 3018 Rudolph.
371 2938 527 2998 Glauber
553 2940 590 2998 de
622 2937 686 2996 Elia
716 2938 830 3014 artista,
862 2937 914 2995 wie
941 2937 987 2994 die
1017 2936 1111 2994 wahre
1136 2937 1304 3015 spagirisehc

94 3087 99 3099 ‚
176 3023 298 3084 hlediciu
320 3024 370 3081 der
394 3022 468 3081 alten
489 3021 659 3102 Aegyptia,
691 3042 724 3081 so
755 3023 799 3081 bei
826 3021 946 3081 tansend
977 3021 1081 3080 Jahren
1106 3021 1242 3099 verloreu,
1268 3043 1303 3080 zu

178 3129 322 3172 erneueru.
365 3106 544 3168 Amsterdam
567 3104 659 3202 1668.
685 3103 714 3172 8.
748 3112 802 3181 (Ad
830 3111 958 3164 chemlam
980 3119 1008 3163 et
1030 3111 1198 3177 alchemiam;
1232 3130 1259 3167 v.
1290 3115 1302 3166 l

132 3188 492 3339 Gebegllllnollflg.ulledel
516 3263 729 3341 propempticon
753 3261 789 3318 de
825 3260 887 3319 Elia
917 3259 1015 3318 artista
1047 3257 1195 3323 1—111.
1240 3260 1301 3319 Jen.

178 3341 269 3411 1718.
296 3341 388 3411 1719.
414 3340 444 3409 4.
467 3352 522 3420 (An
548 3351 673 3404 chemicis
699 3350 912 3402 adnumerandus
940 3349 1017 3401 Elias
1042 3348 1201 3418 propheta.)

130 3433 209 3494 Petr.
234 3430 303 3496 Adr.
340 3431 445 3490 Gadd
478 3433 515 3492 de
549 3432 615 3491 fatis
650 3431 782 3490 scientiae
801 3430 940 3490 chemicae
968 3429 1020 3488 sub
1046 3427 1153 3507 epocha
1179 3428 1301 3488 Petrum.

175 3517 275 3578 Abone
301 3510 391 3578 1763.
417 3512 448 3581 4.

448 3667 513 3720 cc.
555 3649 763 3721 Plantae
776 3648 988 3720 biblicae.

130 3755 268 3815 Edmuud
290 3753 480 3814 Castellus
502 3755 592 3813 oratio
616 3774 701 3834 super
722 3750 801 3812 hvic.
823 3771 883 3816 can.
906 3752 953 3825 11„
977 3770 1034 3829 qua
1054 3752 1100 3810 via
1117 3753 1301 3830 praestruitur

175 3859 211 3900 ex
236 3840 416 3920 scriptoribus
447 3837 627 3898 orientalibus
654 3841 753 3898 clarius
779 3839 926 3896 enarrandi
956 3836 1166 3914 botauologiam
1197 3835 1301 3896 Sacrae

175 3925 346 4005 Scripturae.
388 3923 484 3988 Lond.
506 3918 598 3986 1657.
619 3918 729 4004 (1667)
749 3917 779 3981 4.

114 4008 231 4073 ‘Levia
262 4009 431 4070 Lemnius
463 4008 670 4068 similitudinum
697 4027 731 4066 ac
763 4006 969 4085 parabolarum,
1000 4007 1124 4083 quaein
1149 4005 1239 4066 bibliis
1265 4025 1299 4065 ex

175 4094 269 4155 herbis
298 4103 384 4172 atque
405 4095 549 4154 arboribus
573 4095 767 4166 desumrmtur,
792 4093 947 4172 explicatio.
991 4090 1134 4171 Autwerp.
1152 4086 1243 4151 1566.
1269 4086 1297 4148 8.

175 4181 243 4240 ibid.
267 4176 358 4240 1569.
376 4176 407 4240 8.
440 4179 582 4259 Erphord.
609 4171 699 4236 1581.
722 4171 753 4238 8.
788 4177 826 4236 ih.
865 4172 956 4242 1584.
979 4173 1008 4242 8.
1040 4196 1111 4255 saep.
1136 4209 1178 4224 -
1201 4172 1298 4234 Etiam

171 4267 275 4346 pluries
288 4285 344 4325 eam
365 4263 521 4325 Vallesii
545 4262 722 4343 philosophia
742 4279 830 4321 sacra.
846 4262 1058 4340 -Angtoert
1077 4261 1179 4323 Thom.
1201 4257 1298 4319 Nen-

173 4362 251 4410 tou:
277 4372 314 4411 au
338 4350 437 4410 herbal
463 4351 508 4410 for
528 4351 577 4409 the
597 4348 686 4407 Bible.
718 4341 930 4412 Lond.-1587.
951 4343 982 4408 8.
1015 4352 1148 4421 (Plantas.
1173 4348 1298 4408 biblicae.

175 4433 334 4488 enumeratio
353 4448 410 4486 cum
428 4431 551 4503 descript.
569 4437 597 4485 et
614 4428 798 4500 etymologia.)
1208 4452 1210 4457 ·
