2874 4974
530 865 604 960 n.
663 863 743 961 ra
802 860 867 964 s.
969 785 971 788 ’

112 1186 253 1295 Annus
274 1229 343 1314 jam
368 1229 477 1318 agitur
501 1230 691 1322 vigesimus,
717 1249 761 1298 ex
786 1249 847 1319 quo
873 1228 989 1298 tabulis
1020 1231 1101 1298 meis
1126 1232 1278 1321 synopti-

112 1363 157 1431 cis
186 1361 354 1432 historiam
380 1362 595 1434 doctrinarum
620 1364 814 1436 mediocrum
839 1365 1119 1456 complectentibus
1143 1388 1279 1457 parvum

112 1503 242 1569 omuino
273 1506 306 1571 et
328 1521 475 1570 mancum
500 1500 656 1571 addebam
682 1504 865 1596 catalogum
889 1503 1045 1572 librorum
1078 1505 1210 1594 proprie
1236 1503 1280 1573 ad

111 1634 278 1705 historiam
303 1636 479 1706 medicinae
503 1639 738 1729 pertinentium.
789 1639 869 1709 lude
894 1659 997 1731 neque
1020 1643 1158 1731 tempori
1177 1659 1280 1731 neque

113 1774 268 1842 sumtibus
300 1775 449 1868 peperci,
481 1778 517 1843 ut
548 1777 726 1867 pleniorem
757 1781 791 1846 et
821 1780 1051 1847 accuratiorem
1084 1776 1280 1869 adipiscerer

113 1912 328 2002 cognitionem
353 1910 508 1999 ejusmodi
531 1913 689 1983 librorum
714 1919 748 1984 et
775 1918 823 1991 ut.
834 1915 961 2006 plenius
987 1913 1104 2005 aliquid
1138 1923 1171 1987 et
1196 1934 1278 1986 eon·

112 2048 232 2116 onnus
263 2047 394 2117 tradere
426 2070 557 2140 possem
589 2051 647 2145 iis,
687 2054 740 2142 qui
771 2051 853 2120 haec
884 2049 989 2120 studia
1021 2070 1085 2121 non
1117 2055 1219 2123 obiter
1247 2059 1280 2123 et

112 2183 343 2279 perfunctorie,
371 2184 429 2254 sed
456 2185 645 2277 profundius
667 2195 700 2259 et
719 2189 864 2258 subtilius
882 2194 1022 2258 tractare
1041 2191 1278 2259 consueverint.

94 2385 99 2395 .
218 2323 294 2392 Jam
325 2344 396 2392 cum
427 2326 459 2390 iu
486 2344 526 2393 eo
543 2327 634 2418 sim,
667 2332 704 2396 ut
734 2325 852 2417 talem,
885 2324 1010 2413 qualem
1040 2324 1217 2394 meditabar
1245 2331 1279 2395 et

112 2463 222 2528 mente
247 2461 471 2553 concipiebam,
497 2460 632 2530 iudicem
656 2432 722 2530 luci
747 2464 952 2552 committam,
977 2480 1096 2530 vereor
1109 2481 1150 2531 ne
1169 2462 1202 2528 in
1221 2463 1278 2529 vi·

110 2600 237 2689 tuperia
255 2599 361 2691 magis
386 2620 480 2697 quam
501 2597 615 2668 la'udes
639 2598 811 2668 incurram
861 2597 947 2667 Nam
972 2596 1153 2668 redundare
1178 2600 1279 2667 multa

114 2735 219 2804 multis
245 2734 448 2830 videbuntur,
475 2710 678 2816 deesse-non
702 2756 816 2827 pauca.
867 2735 913 2804 lit
934 2757 1109 2828 quanquam
1120 2740 1277 2825 majorem

110 2873 144 2942 iu
168 2875 370 2943 accuratione
400 2894 492 2964 quam
521 2875 553 2941 in
585 2838 677 2964 eopia
700 2873 845 2942 laborem
870 2874 1040 2967 collocavi,
1064 2895 1129 2943 uon
1155 2873 1277 2967 dubito,

113 3012 186 3100 quin
211 3011 306 3079 etiam
333 3012 365 3078 in
390 3010 452 3080 hae
477 3030 576 3102 saepe
601 3010 719 3101 aliquid
744 3008 956 3081 desideretur.
990 3010 1082 3081 llaec
1107 3010 1277 3080 imbecilli·

111 3151 170 3216 tati
194 3146 389 3219 condonabis
413 3148 583 3242 humanae,
610 3148 741 3240 Lector,
769 3152 801 3216 et
825 3148 982 3219 benevole
1012 3147 1207 3218 emendabis.

212 3286 325 3376 Neque
348 3291 456 3354 tamen
479 3286 591 3355 inutile
617 3284 736 3376 aliquid
762 3285 943 3377 suscepisse
967 3284 1045 3353 mihi
1064 3284 1190 3377 videor,
1215 3303 1276 3352 uec

111 3426 148 3492 ut
171 3424 296 3493 inanem
320 3423 496 3516 gloriolam
523 3421 597 3492 inde
622 3425 805 3514 auspicatus
827 3421 929 3492 fmssc
953 3441 1124 3515 arguerer.
1181 3419 1275 3491 Haec

111 3562 195 3628 euim
230 3564 352 3653 exigua
383 3563 510 3632 omniuo
541 3563 604 3631 erit
632 3563 667 3630 in
699 3558 857 3648 ejusmodi
889 3581 1007 3655 opere,
1039 3557 1123 3649 quod
1153 3559 1275 3651 ingenii

107 3719 233 3790 parum,
265 3696 459 3766 assiduitatis
484 3696 602 3788 aliquid
629 3700 781 3791 exegisse
805 3697 974 3791 videbitur,
1007 3700 1039 3767 et
1065 3695 1148 3787 quod
1172 3696 1275 3789 longe

106 3834 238 3926 plurimi
255 3836 349 3904 unius
367 3839 489 3904 tantum
509 3834 648 3904 lineolae
673 3833 874 3926 quaerendae
893 3857 990 3904 eausa
1004 3835 1166 3926 evolverit,
1180 3855 1274 3924 quam

107 3973 138 4040 si
171 3976 259 4041 reete
282 3975 485 4042 constitutam
511 3975 706 4066 invenerint,
740 3972 772 4041 id
797 3971 888 4043 hoeci
915 3969 1050 4066 facient,
1083 3973 1133 4040 siu
1157 3968 1274 4040 falsam

108 4113 165 4178 aut
189 4111 411 4203 incongruam,
437 4112 584 4202 graviter
608 4111 841 4202 vituperabunt.
892 4109 937 4180 Ut
955 4129 1034 4178 vero
1055 4109 1088 4176 in
1106 4107 1273 4178 uuumlo-

107 4267 182 4315 cum
208 4245 338 4317 redacta
362 4247 518 4317 habeatur
543 4249 646 4317 omnis
671 4248 769 4337 hujus
793 4247 947 4317 historiae
962 4246 1143 4339 hteratura,
1168 4242 1274 4314 utfa-

109 4384 161 4452 odi
188 4384 320 4475 negotio
346 4386 483 4476 reperiri
508 4387 623 4480 possit,
649 4385 723 4476 quid
748 4385 790 4454 de
814 4404 1000 4474 unaquaque
1024 4387 1156 4526 repam
1186 4384 1273 4452 scri-
