2874 4974
547 299 688 361 Medicina
703 300 885 362 ludaeorum.
1260 309 1302 377 97

131 619 281 741 IX.
360 618 806 881 membellis
840 621 932 745 ira
984 623 1301 752 cncom-

234 969 323 1065 Α.
373 788 720 1067 Mediolano
747 832 1195 1071 abumarum.

493 1188 542 1253 a·
603 1170 947 1258 Generatim

132 1346 229 1408 David
254 1345 315 1403 Ben
339 1343 423 1402 lsbak
447 1344 490 1403 de
511 1343 630 1402 Pomis
661 1345 697 1403 de
715 1347 822 1405 medico
846 1346 980 1405 Hebraeo
1000 1349 1140 1408 enarratio
1165 1352 1304 1430 apologe-

177 1432 233 1489 tica
256 1462 300 1475 --
320 1429 399 1504 quod
427 1447 529 1505 magna
563 1430 636 1488 inter
660 1430 820 1489 Hebraeum
851 1438 893 1490 et·
912 1433 1100 1491 Christianum
1126 1435 1163 1492 sit
1183 1437 1307 1496 affinitas
1363 1464 1366 1470 ·

179 1523 208 1574 et
234 1515 313 1590 quod
347 1519 445 1571 mutua
472 1517 544 1572 inter
574 1534 671 1574 eorum
699 1522 848 1592 utrumque
876 1517 987 1576 dilectio
1016 1518 1079 1596 jure
1113 1519 1207 1580 divino
1243 1541 1307 1581 esse

179 1600 291 1659 debeat.
333 1598 435 1657 Venet.
462 1594 553 1662 1588.
576 1594 605 1657 4.

135 1685 263 1761 Benjam.
290 1682 501 1761 Mussaphia
528 1686 683 1744 sententiae
716 1684 946 1744 sacro-medicae
978 1704 1012 1743 ex
1039 1684 1076 1748 V.
1103 1686 1140 1750 T.
1163 1688 1305 1750 collectae.

179 1768 297 1828 Accedit
329 1769 447 1847 epistola
470 1771 506 1829 de
533 1790 601 1828 auro
629 1769 755 1850 potabili.
784 1769 967 1846 (Hamburgi)
992 1765 1082 1830 1640.
1110 1766 1159 1832 12.
1192 1778 1307 1848 (Medici

136 1850 273 1986 Diillrlllb¹
286 1853 407 1982 (liubila
432 1928 462 1981 et
482 1942 634 2001 progressu
666 1923 816 1987 facultatis.
830 1931 859 1983 et
885 1924 993 1983 sounali
1022 1926 1221 1987 constitutione
1241 1931 1308 1987 artis

180 2009 305 2068 medicae
328 2027 380 2086 per
399 2007 533 2070 ludaeos.
555 2010 585 2065 S.
607 2009 625 2069 l.
650 2029 673 2072 e.
707 2029 737 2080 a.
767 2008 936 2086 (Hamburgi
975 2003 1057 2069 1670
1084 2011 1122 2069 ad
1149 2006 1246 2088 1675)
1277 2010 1307 2073 8.

182 2088 351 2159 (Medicinam
369 2106 467 2172 omnem
485 2108 502 2142 a
520 2089 675 2172 patriarchis
697 2089 856 2143 ludaeorum
875 2090 962 2154 Noah,
981 2091 1121 2154 Abraham,
1139 2092 1206 2157 aliis,
1225 2094 1307 2147 dedu·

183 2161 230 2226 cit,
247 2159 285 2211 ita
303 2167 332 2210 ut
349 2159 475 2210 medimna
494 2158 665 2228 Hippocratis
682 2158 806 2229 reliquias
822 2167 922 2212 tantum
934 2160 1012 2212 sistat
1022 2159 1091 2213 illius
1102 2161 1245 2216 medicinae
1259 2181 1308 2218 an·

181 2227 344 2298 tiquissimae
360 2227 511 2295 Judaicae.)

137 2297 289 2378 Angustin.
304 2299 442 2359 Calmet
463 2302 499 2358 de
513 2300 626 2358 medicis
641 2305 670 2358 et
690 2320 721 2359 re
734 2301 842 2358 medica
853 2299 1054 2362 Hebraeorum.
1076 2299 1162 2358 Paris.
1175 2297 1266 2363 l7l4.
1278 2301 1308 2364 4.

183 2385 298 2517 (Auctgr
315 2387 374 2435 erat
390 2381 530 2435 monachus
549 2381 731 2435 benedictinus
748 2381 775 2433 in
793 2380 946 2448 theologicis
965 2387 994 2433 et
1011 2380 1142 2434 historicis
1155 2382 1232 2436 docte
1247 2403 1308 2439 ver-

182 2463 265 2506 satus.
727 2483 730 2490 ·
894 2475 895 2478 ¹

138 2524 221 2586 Paul.
241 2523 482 2583 Kerersztesi
501 2524 574 2581 diss.
598 2523 671 2581 med.
692 2520 778 2584 theol.
801 2520 988 2599 complectens
1005 2522 1147 2581 historiam
1173 2525 1310 2585 medicam

181 2609 275 2688 gentis
296 2609 444 2668 Hebraeae
467 2628 501 2668 en
522 2609 596 2666 libris
618 2607 651 2670 V.
674 2606 721 2680 T.‚
744 2627 798 2665 nec
821 2626 879 2664 non
901 2626 1035 2684 personas
1057 2609 1155 2684 praxin
1175 2610 1309 2670 medicam

183 2701 344 2754 exercentes
365 2695 483 2753 maxime
504 2692 556 2752 sub
581 2694 663 2751 initiis
685 2691 723 2750 N.
749 2691 785 2752 T.
811 2690 1009 2767 Franeqnerae
1035 2687 1125 2753 1725.
1146 2689 1175 2756 4.

138 2779 224 2840 Mich.
246 2777 387 2837 Alberti
416 2779 506 2856 (resp.
536 2779 612 2840 Sam.
644 2775 834 2856 Csernanslry)
862 2777 928 2840 diss.
958 2778 1055 2852 inaug.
1087 2778 1124 2836 de
1155 2779 1310 2841 medicinae

183 2864 261 2943 apud
284 2864 409 2922 Ebraeos
430 2871 459 2922 et
479 2862 636 2941 Aegyptios
658 2862 828 2922 conditione.
871 2861 937 2920 Hal.
961 2856 1053 2923 1742.
1075 2857 1105 2919 4.

140 2949 220 3010 Frid.
247 2949 411 3008 Boerner
451 2946 537 3025 (resp.
563 2950 641 3005 Sam.
665 2943 699 3008 A.
726 2944 865 3023 Wagner)
888 2946 925 3004 de
952 2951 1029 3005 statu
1048 2947 1203 3007 medicinae
1231 2951 1309 3027 apud

182 3038 293 3093 veteres
314 3034 447 3093 Ebraeos.
491 3032 584 3094 Viteb.
611 3026 702 3092 1755.
731 3028 761 3090 4.
798 3036 896 3102 (Deest
924 3035 953 3087 in
980 3037 1013 3087 B.
1047 3036 1152 3088 Noctes
1184 3038 1309 3107 guelph.)

140 3119 248 3181 Antan.
279 3119 412 3177 German.
434 3118 477 3176 de
499 3117 668 3175 Albertiz
694 3135 731 3174 an
757 3116 840 3173 etiam
866 3134 936 3191 gens
953 3116 1084 3195 Hebraea
1106 3117 1170 3175 olim
1196 3121 1310 3177 medici-

183 3223 249 3264 nam
271 3205 308 3262 de
332 3204 468 3262 industria
490 3202 606 3261 coluerit
625 3222 658 3260 ac
682 3201 860 3278 promoverit.
904 3201 1025 3263 Vindob.
1049 3195 1140 3259 1765.
1166 3197 1197 3263 4.

140 3291 186 3350 Jo.
209 3290 324 3347 Simeon
345 3287 552 3365 Lindinger
573 3288 609 3345 de
632 3286 806 3344 Ebraeorum
828 3290 952 3342 veterum
972 3291 1032 3343 arte
1050 3286 1167 3364 medica,
1189 3287 1226 3344 de
1241 3286 1310 3345 dae-

183 3393 268 3433 mone
292 3379 322 3432 et
346 3374 542 3433 daemoniacis.
584 3373 733 3430 Servestae
760 3377 789 3429 et
813 3368 973 3427 Leucoreac
1000 3368 1117 3448 (Zerbst
1138 3389 1165 3426 u.
1187 3369 1310 3430 Witten-

183 3460 268 3535 berg)
290 3452 382 3518 1774.
403 3453 433 3516 8.
559 3490 560 3493 =

141 3545 188 3606 Jo.
208 3544 298 3602 Henr.
325 3540 640 3616 Lautenschl'aiger
664 3539 701 3597 de
719 3536 833 3594 medicis
849 3543 971 3596 veterum
983 3537 1176 3596 Hebraeorum
1198 3557 1309 3599 eornm-

185 3648 241 3706 que
263 3628 399 3687 methodo
421 3627 538 3684 sanandi
559 3625 681 3684 morbos.
725 3621 835 3680 Schleia
857 3615 949 3681 1786.
969 3618 998 3683 8.
1025 3627 1178 3697 (Theologi
1194 3646 1309 3699 opuscu-

184 3711 236 3763 lum
254 3708 451 3779 gratulatorium
469 3708 501 3761 ad
518 3706 544 3763 J.
564 3707 627 3762 Chr.
646 3704 699 3758 Gli.
718 3703 901 3770 Ackermaun.)

140 3783 230 3844 Meles
247 3782 357 3842 Levin
379 3782 447 3840 diss.
474 3781 567 3856 inaug,
590 3779 716 3838 analecta
736 3777 866 3835 historica
886 3776 924 3834 ad
944 3776 1109 3842 medicinam
1122 3777 1306 3842 Ebraeorum.

135 3899 140 3903 ·
183 3868 250 3930 Hal.
275 3860 368 3928 1798.
390 3860 420 3930 8,
442 3869 533 3938 (Auct.
557 3870 636 3922 Curt.
665 3865 834 3936 Sprengeli)

141 3954 237 4014 David
259 3952 513 4011 carcassonne
545 3950 616 4007 essai
647 3948 801 4022 historique
822 3966 870 4004 sur
890 3944 917 4002 la
938 3945 1082 4004 medecina
1104 3947 1154 4005 des
1176 3947 1310 4006 Hebreux

184 4039 298 4096 auriens
318 4041 348 4094 et
372 4037 529 4096 modernes.
551 4033 728 4111 Montpellier
746 4038 775 4089 et
791 4029 888 4088 Nimes
903 4022 995 4088 1815.
1008 4026 1056 4102 8.;
1081 4029 1159 4089 Paris
1174 4027 1266 4091 1816.
1278 4029 1308 4092 8.

139 4123 255 4183 Ludov.
275 4142 302 4182 v.
325 4120 512 4196 Hoerniglr
544 4119 709 4178 medicastcr
734 4115 826 4194 apella
857 4115 927 4172 oder
950 4113 1114 4173 Judenarzt.
1157 4116 1310 4193 strasburg

138 4294 200 4352 Jac.
223 4291 360 4350 lllartin
381 4290 472 4368 apella
494 4289 659 4348 medicastcr
683 4285 805 4345 bullatus
823 4285 892 4343 oder
912 4283 1075 4344 Judenarzt.
1091 4283 1123 4344 S.
1138 4283 1156 4348 l.
1176 4278 1268 4343 1636.
1279 4279 1308 4346 4.

184 4373 267 4440 (Aere
284 4371 409 4442 scriptum
427 4376 517 4424 contre
535 4369 647 4423 medicos
664 4367 802 4432 Judaeos.)

139 4447 208 4511 Chr.
231 4445 479 4505 Frecomundt
503 4441 717 4520 gewissenloser
741 4437 946 4497 Judeudoctor.
999 4434 1138 4594 Frgiburg
1159 4431 1252 4501 1698.
1278 4431 1309 4500 8.
