2874 4974
610 310 687 373 Libri
711 313 819 375 medici.
1263 305 1304 370 lb

129 467 178 529 io.
203 465 264 525 Jac
286 463 483 544 biangetua
504 463 675 525 bibliotheca
696 465 864 544 scriptorum
885 466 1057 524 medicorum
1079 469 1204 524 veterum
1217 471 1246 525 et
1260 485 1304 526 re-

175 551 341 623 centiorum,
365 552 393 610 in
419 569 475 626 qua
494 550 546 608 sub
572 551 712 627 omnium,
740 551 789 627 qui
811 569 829 608 a
851 551 948 609 mundi
970 550 1127 629 primordiis
1156 552 1305 627 adusque

174 656 250 698 saec.
273 636 377 695 Christ.
403 634 504 696 XVIII.
530 635 607 693 initia
628 637 772 709 vixerunt,
799 635 976 703 nomInibus.
1000 637 1099 694 ordine
1120 636 1231 714 alphab.
1252 637 1305 694 ad-

175 721 306 800 scriptis,
346 721 439 796 vitae,
476 721 621 799 opiniones
654 726 683 779 et
715 722 819 799 scripta
850 726 1026 781 recensentur
1052 725 1104 784 etc.
1152 720 1227 779 Voll.
1255 720 1303 785 lv.

175 807 285 869 Gener.
312 800 404 866 1731.
434 805 454 866 f.
518 803 584 863 Cum
615 803 708 882 esfigg.
763 817 838 885 (Non
866 819 932 872 adeo
957 819 1043 887 magni
1069 817 1199 872 aestimari
1222 819 1304 885 soleta

175 904 245 958 quea
263 892 348 940 antem
365 903 381 939 u
399 885 526 955 Mangeto
545 887 631 940 adhuc
648 887 736 939 editae
754 895 830 941 sunt:
858 888 1017 941 bibliotheca
1034 889 1100 940 med.
1117 895 1216 956 procl,
1235 906 1305 941 uno-

178 965 258 1021 tom.,
283 957 423 1026 chirnrg..
448 957 598 1023 pharnace,
616 956 740 1023 chemica,
760 956 926 1010 collectiones
944 963 1005 1010 sunt
1022 958 1170 1026 opusculor.
1190 975 1207 1012 a
1224 957 1305 1012 variis

178 1025 336 1080 auctoribus
354 1024 575 1095 compositorum.)

131 1114 290 1176 Hermauni
310 1113 536 1182 ,Boiirhaave
571 1114 720 1172 methodus
745 1115 831 1172 studii
852 1113 952 1172 medici
978 1113 1132 1174 emaculata
1153 1120 1183 1174 et
1211 1134 1304 1174 acces-

176 1201 303 1259 sionibus
324 1198 495 1276 locupletata
515 1199 552 1256 ab
568 1197 633 1261 Alb.
650 1199 686 1256 ab
703 1198 842 1257 Hellen.
864 1199 949 1257 Tomi
967 1199 1000 1261 II.
1031 1197 1147 1258 Amstel.
1166 1195 1257 1264 1751.
1275 1197 1305 1265 4.

178 1281 238 1349 (Ex
254 1296 337 1350 parre
355 1279 386 1335 B.
410 1279 612 1348 methodologia,
635 1279 721 1335 Lond.
739 1279 781 1332 vel
799 1280 939 1334 Amatelod.
964 1278 1036 1334 1726.
1059 1281 1100 1349 8.,
1118 1282 1154 1333 ib.
1177 1280 1252 1336 1734.
1268 1281 1305 1349 8.,

177 1350 281 1421 plenum
297 1348 332 1403 H.
353 1348 482 1401 conficere
500 1351 620 1402 tentabat
637 1348 725 1404 libror.
744 1348 900 1401 medicorum
916 1365 998 1416 usque
1016 1349 1050 1401 ad
1068 1367 1115 1402 aua
1128 1358 1247 1420 tempora
1259 1368 1305 1404 ca-

178 1418 304 1486 talogum,
322 1417 357 1470 ad
374 1433 450 1486 quem
466 1416 560 1470 indicia
577 1416 733 1485 alphabetici
751 1415 808 1469 Ioco
826 1434 884 1468 esse
899 1423 1002 1486 potest:
1023 1419 1101 1470 Corn.
1124 1419 1306 1474 Pereboom

179 1487 260 1539 iodea
277 1494 384 1540 auctor.
402 1492 428 1538 et
446 1503 532 1538 rerum
549 1487 661 1537 maxime
677 1486 838 1538 memorabil.
857 1486 935 1540 meth.
954 1487 1026 1541 stad.
1043 1489 1111 1543 med.
1122 1488 1212 1545 Herm.
1222 1489 1306 1543 Bocir·

182 1556 270 1608 boone
285 1562 333 1610 eto.
370 1555 460 1624 bugd.
473 1554 572 1607 Buteo.
592 1552 667 1610 1759.
685 1555 724 1621 4.)

134 1627 232 1707 Chph.
262 1627 393 1705 Theoph.
425 1627 470 1684 de
493 1626 590 1684 Murr
623 1626 818 1684 annotationes
848 1627 885 1683 ad
910 1625 1091 1685 bibliothecas
1119 1627 1306 1701 Hallerianas,

180 1730 243 1771 cunr
264 1713 346 1770 variis
368 1712 406 1769 ad
431 1711 534 1789 scripta
554 1711 638 1772 Mich.
661 1712 771 1769 Serveti
791 1712 1003 1789 pertinentibus.
1034 1712 1151 1788 Erlang.
1169 1708 1260 1773 1805.
1275 1711 1305 1778 4.

181 1791 370 1860 (Bibliothecae
386 1791 561 1857 Hellerianoe,
583 1791 743 1856 botanicum,
762 1791 947 1856 anatomicam,
967 1791 1140 1863 chirurgicum
1158 1799 1185 1847 et
1202 1795 1306 1866 practi-

181 1879 249 1928 cam,
265 1861 320 1915 anis
336 1860 402 1915 locis
419 1861 476 1917 scil.
495 1861 543 1915 sub
560 1860 601 1914 hic
616 1860 679 1931 ipsis
697 1861 823 1915 doctrinis
841 1862 976 1930 dicemus.)

135 1950 343 2014 Taschenbuch
364 1951 435 2009 oder
455 1950 647 2009 Verzeichniss
672 1970 728 2009 von
753 1950 981 2023 medicinischen,
1009 1950 1209 2027 botanischen,
1234 1953 1306 2032 phy-

180 2035 356 2111 aikalischen,
372 2035 581 2095 anatomischen
596 2037 655 2094 und
669 2036 909 2113 alchymistischen
922 2036 1061 2097 Birchern.
1083 2037 1202 2096 Breslau
1213 2034 1306 2100 1787.

180 2117 392 2257 ᾗπῌέᾖωῖᾱεῗ
405 2134 500 2266 lilopsan
518 2133 638 2202 generisc
674 2134 843 2188 Bibliotheca
868 2133 1117 2202 physico-medico.
1159 2137 1306 2195 Vrutialoo.

253 2242 260 2258 .
297 2240 303 2252 .
388 2220 433 2255 o.

135 2274 185 2339 Jo.
207 2274 269 2333 Jac.
291 2273 390 2332 Palm
415 2274 541 2333 Versuch
563 2275 639 2334 einer
658 2274 874 2333 medicinischen
895 2273 1144 2341 Handbibliotheh.
1187 2277 1305 2357 Erlang.

181 2352 277 2420 1788.
298 2353 328 2418 8.
372 2363 560 2433 (Bibliopolae
576 2381 643 2433 opue
658 2363 772 2432 adjectis
788 2363 918 2416 librorum
932 2363 1055 2432 pretiis.)

136 2443 215 2505 Guil.
239 2442 359 2501 Godofr.
383 2443 407 2501 P
414 2443 585 2520 loucquet
604 2444 682 2502 initia
704 2442 888 2502 bibliothecae
905 2443 1167 2520 medico-practicae
1182 2451 1211 2505 et
1234 2446 1306 2504 chir-

179 2528 296 2604 urgioae
332 2529 412 2587 realis
451 2529 509 2586 sive
540 2529 700 2605 Repertorii
725 2529 878 2586 medicinae
910 2528 1049 2607 practicae
1082 2534 1111 2586 ct
1143 2530 1305 2608 chirurgiae.

177 2612 254 2676 Voll.
275 2612 350 2676 VIII.
386 2612 510 2689 Tubing.
532 2607 750 2673 1793-1797.
775 2607 805 2675 4.

135 2730 182 2744 -
203 2729 246 2740 -
268 2695 436 2756 bibliotheca
457 2699 703 2776 medico-practica
726 2704 755 2756 et
776 2696 929 2773 chirurgica
954 2694 1036 2755 realis
1058 2696 1212 2770 recentior,
1249 2697 1308 2758 sive

182 2781 366 2840 continuatio
389 2789 418 2840 et
438 2783 640 2860 Supplementa
664 2782 804 2840 initiorum
825 2780 1010 2840 bibliothecae
1031 2782 1308 2859 medico-practicae

181 2871 212 2924 et
237 2865 408 2941 chirurgicae
446 2867 504 2924 sive
535 2868 694 2944 Repertorii
722 2866 876 2925 medicinae
908 2866 1047 2944 practicae
1079 2874 1108 2924 et
1143 2867 1306 2944 chirurgiae.

184 2948 256 3014 Voll.
268 2948 317 3011 IV.
333 2951 457 3024 Tubing.
472 2944 565 3023 1799,
583 2946 674 3012 1803.
690 2947 720 3010 4.
744 2954 980 3022 (Supplementum
991 2950 1178 3007 antecedentia
1190 2957 1307 3026 operis.)

136 3069 182 3083 -·
202 3066 246 3080 —
265 3033 409 3092 literatura
431 3034 540 3092 medica
560 3034 670 3108 digesta
691 3034 748 3094 sive
768 3034 966 3110 Repertorium
988 3034 1142 3093 medicinae
1160 3037 1309 3114 practicae,

181 3116 339 3195 chirurgiae
357 3125 443 3195 atque
463 3119 504 3175 rei
526 3118 708 3180 obstetriciae.
731 3117 805 3180 Voll.
826 3118 876 3179 IV.
898 3119 1023 3194 Tubing.
1051 3113 1255 3192 1808,1809.
1277 3117 1307 3181 4.

182 3199 410 3281 (complectuntur
428 3197 512 3280 omnia
529 3198 640 3267 quaein
657 3199 732 3253 modo
750 3199 827 3252 dictis
839 3198 900 3281 ‚XII
914 3199 1084 3253 voluminibus
1102 3199 1189 3254 insunt
1200 3207 1230 3256 et
1244 3219 1307 3256 con·

180 3274 352 3322 tinuatmnem
370 3267 446 3335 hujus
463 3266 616 3321 literaturae
632 3285 716 3337 usque
734 3268 769 3320 ad
786 3267 926 3320 novissima
943 3270 1084 3336 tempora.)

137 3372 188 3386 —
208 3373 252 3384 -
274 3339 417 3398 literatura
441 3342 550 3398 medica
572 3341 681 3415 digesta
703 3346 755 3398 etc.
778 3340 959 3399 Continuatio
981 3347 1010 3396 et
1032 3339 1264 3417 supplementum
1285 3340 1306 3399 1.

180 3423 307 3501 Tubing.
330 3419 421 3484 1814·
441 3419 473 3487 4.
516 3435 623 3500 (Omnia
645 3436 711 3490 haee
734 3435 863 3490 volumina
880 3436 976 3490 sistunt
992 3434 1136 3503 repertorio
1153 3436 1236 3489 realia
1252 3453 1308 3490 rne-

182 3503 296 3572 dicinae,
314 3504 478 3574 alphabetico
497 3505 588 3560 ordino
604 3522 690 3559 rerum
707 3505 818 3575 digesta,
837 3507 945 3577 eopiosa
963 3504 1082 3573 quidem,
1106 3504 1152 3558 sed
1170 3523 1223 3559 non
1239 3522 1306 3560 sem-

182 3590 234 3644 per
249 3575 314 3627 satis
332 3576 480 3641 accuratu.)

136 3645 206 3707 Car.
229 3646 294 3707 Glo.
316 3647 420 3705 Kiihn
445 3647 616 3706 bibliotheca
639 3647 749 3707 medica
770 3646 916 3705 continens
938 3646 1042 3724 scripta
1062 3647 1233 3704 medicorum
1248 3665 1308 3705 om-

181 3731 227 3790 nis
258 3731 319 3789 aevi
353 3732 451 3790 ordine
481 3732 640 3791 methodieo
678 3733 824 3810 disposita.
877 3730 943 3790 Vol.
968 3730 990 3789 1.
1047 3728 1124 3809 Lips.
1152 3726 1244 3793 1794.
1276 3726 1307 3792 8.

184 3810 379 3876 (Doctrinarum
404 3811 518 3865 ordinem
544 3813 661 3882 sequitur
678 3821 705 3866 et
721 3813 749 3866 in
765 3813 816 3866 hoc
833 3813 962 3865 volumine
989 3812 1135 3876 (ibenium,
1170 3810 1307 3880 Physicen,

181 3880 284 3936 Histor.
302 3882 462 3947 naturalem,
498 3881 735 3952 Encyclopaediurn
758 3888 785 3936 et
808 3881 984 3935 Litcraturum
1000 3881 1126 3935 medicam
1144 3887 1307 3950 pertractat;

182 3949 303 4004 volumen
321 3949 428 4002 alterurn
447 3967 498 4002 non
516 3950 641 4020 prodiit.)

138 4018 205 4098 (Jo.
228 4022 306 4084 Sam.
333 4020 467 4098 Erech)
495 4023 716 4099 systematisches
740 4022 934 4082 Verzeichniss
961 4023 1011 4081 der
1034 4023 1063 4081 in
1088 4022 1139 4080 der
1163 4020 1308 4079 medicini-

182 4107 280 4179 schen,
302 4105 532 4183 physicalischen,
555 4108 728 4166 chemischen
751 4111 809 4166 und
832 4107 1098 4166 naturhistorischen
1120 4105 1262 4165 Litcratur
1279 4105 1308 4163 in

183 4191 213 4254 d.
235 4191 262 4252 t.
289 4185 437 4251 litionis
460 4185 545 4252 1790
571 4192 874 4269 herausgekommenen
903 4192 1055 4251 deutschen
1083 4191 1142 4248 und
1167 4189 1308 4248 ausliindi·

182 4275 270 4335 achen
302 4274 451 4338 Schriften.
499 4276 553 4335 Mit
578 4276 785 4353 Nachweisung
807 4280 858 4335 der
878 4278 907 4336 in
928 4279 984 4336 den
1008 4276 1205 4335 vomehmsten
1229 4273 1307 4331 kriti·

183 4359 272 4421 achen
292 4359 444 4420 Journalen
469 4379 525 4420 ron
547 4362 632 4421 ihnen
657 4362 836 4422 enthaltenen
860 4360 1062 4434 Recensionen,
1084 4359 1154 4418 auch
1180 4355 1308 4436 Anneige

181 4444 270 4506 rieIer
290 4445 319 4504 in
338 4444 533 4527 periodischen
554 4447 696 4509 Schriften
717 4451 891 4508 nerstreuten
913 4447 1055 4507 einzelnen
1068 4442 1306 4522 Abhandlongen.
