<?xml version="1.0" encoding="UTF-8"?>
<!DOCTYPE html PUBLIC "-//W3C//DTD XHTML 1.0 Transitional//EN"
    "http://www.w3.org/TR/xhtml1/DTD/xhtml1-transitional.dtd">
<html xmlns="http://www.w3.org/1999/xhtml" xml:lang="en" lang="en">
 <head>
  <title>
</title>
<meta http-equiv="Content-Type" content="text/html;charset=utf-8" />
  <meta name='ocr-system' content='tesseract 3.04.00' />
  <meta name='ocr-capabilities' content='ocr_page ocr_carea ocr_par ocr_line ocrx_word'/>
</head>
<body>
  <div class='ocr_page' id='page_1' title='image "./bibliothecamedi00chougoog_0222.png"; bbox 0 0 2874 4974; ppageno 0'>
   <div class='ocr_carea' id='block_1_1' title="bbox 524 308 1256 391">
    <p class='ocr_par' dir='ltr' id='par_1_1' title="bbox 524 308 1256 391">
     <span class='ocr_line' id='line_1_1' title="bbox 524 308 1256 391; baseline 0.003 -22"><span class='ocrx_word' id='word_1_1' title='bbox 524 308 666 369; x_wconf 80' lang='lat' dir='ltr'>Medicina</span> <span class='ocrx_word' id='word_1_2' title='bbox 686 310 807 391; x_wconf 87' lang='lat' dir='ltr'>publica.</span> <span class='ocrx_word' id='word_1_3' title='bbox 1192 319 1256 384; x_wconf 77' lang='lat'>205</span> 
     </span>
    </p>
   </div>
   <div class='ocr_carea' id='block_1_2' title="bbox 85 462 1256 628">
    <p class='ocr_par' dir='ltr' id='par_1_2' title="bbox 85 462 1256 628">
     <span class='ocr_line' id='line_1_2' title="bbox 85 462 1256 542; baseline 0.009 -17"><span class='ocrx_word' id='word_1_4' title='bbox 85 463 195 528; x_wconf 81' lang='lat' dir='ltr'>Friedr.</span> <span class='ocrx_word' id='word_1_5' title='bbox 217 462 383 542; x_wconf 89' lang='lat' dir='ltr'>Kappler</span> <span class='ocrx_word' id='word_1_6' title='bbox 408 462 568 523; x_wconf 88' lang='lat' dir='ltr'>Handbuch</span> <span class='ocrx_word' id='word_1_7' title='bbox 583 465 635 522; x_wconf 90' lang='lat' dir='ltr'>der</span> <span class='ocrx_word' id='word_1_8' title='bbox 654 462 796 524; x_wconf 88' lang='lat' dir='ltr'>Literatur</span> <span class='ocrx_word' id='word_1_9' title='bbox 809 466 859 525; x_wconf 85' lang='lat' dir='ltr'>des</span> <span class='ocrx_word' id='word_1_10' title='bbox 871 466 1093 531; x_wconf 85' lang='lat' dir='ltr'>Criminalrechts</span> <span class='ocrx_word' id='word_1_11' title='bbox 1110 478 1169 535; x_wconf 92' lang='lat' dir='ltr'>und</span> <span class='ocrx_word' id='word_1_12' title='bbox 1191 477 1256 536; x_wconf 85' lang='lat' dir='ltr'>des-</span> 
     </span>
     <span class='ocr_line' id='line_1_3' title="bbox 128 547 1256 628; baseline 0.012 -20"><span class='ocrx_word' id='word_1_13' title='bbox 128 570 177 609; x_wconf 90' lang='lat' dir='ltr'>sen</span> <span class='ocrx_word' id='word_1_14' title='bbox 209 549 447 628; x_wconf 84' lang='lat' dir='ltr'>philosophischer</span> <span class='ocrx_word' id='word_1_15' title='bbox 478 550 537 607; x_wconf 91' lang='lat' dir='ltr'>und</span> <span class='ocrx_word' id='word_1_16' title='bbox 564 547 773 610; x_wconf 86' lang='lat' dir='ltr'>medicinischer</span> <span class='ocrx_word' id='word_1_17' title='bbox 804 551 1126 618; x_wconf 80' lang='lat' dir='ltr'>Hdlsswissenschaften.</span> <span class='ocrx_word' id='word_1_18' title='bbox 1162 563 1256 621; x_wconf 86' lang='lat' dir='ltr'>stutt-</span> 
     </span>
    </p>
   </div>
   <div class='ocr_carea' id='block_1_3' title="bbox 127 629 360 713">
    <p class='ocr_par' dir='ltr' id='par_1_3' title="bbox 127 629 360 713">
     <span class='ocr_line' id='line_1_4' title="bbox 127 629 360 713; baseline -0.017 -18"><span class='ocrx_word' id='word_1_19' title='bbox 127 630 306 713; x_wconf 75' lang='lat' dir='ltr'>gart1838.</span> <span class='ocrx_word' id='word_1_20' title='bbox 332 629 360 692; x_wconf 85' lang='lat' dir='ltr'>s.</span> 
     </span>
    </p>
   </div>
   <div class='ocr_carea' id='block_1_4' title="bbox 114 764 1224 885">
    <p class='ocr_par' dir='ltr' id='par_1_4' title="bbox 114 764 1224 885">
     <span class='ocr_line' id='line_1_5' title="bbox 114 764 1224 885; baseline 0.011 -23"><span class='ocrx_word' id='word_1_21' title='bbox 114 791 168 864; x_wconf 88' lang='lat' dir='ltr'>c.</span> <span class='ocrx_word' id='word_1_22' title='bbox 226 764 571 864; x_wconf 68' lang='lat' dir='ltr'>medimna</span> <span class='ocrx_word' id='word_1_23' title='bbox 594 767 868 885; x_wconf 70' lang='lat' dir='ltr'>puplico</span> <span class='ocrx_word' id='word_1_24' title='bbox 901 771 1224 874; x_wconf 78' lang='lat' dir='ltr'>ueterum.</span> 
     </span>
    </p>
   </div>
   <div class='ocr_carea' id='block_1_5' title="bbox 84 920 1254 1174">
    <p class='ocr_par' dir='ltr' id='par_1_5' title="bbox 84 920 1254 1174">
     <span class='ocr_line' id='line_1_6' title="bbox 84 920 1253 1063; baseline 0.008 -82"><span class='ocrx_word' id='word_1_25' title='bbox 84 922 174 1001; x_wconf 85' lang='lat' dir='ltr'>lgnaz</span> <span class='ocrx_word' id='word_1_26' title='bbox 195 920 299 980; x_wconf 87' lang='lat' dir='ltr'>Kalin</span> <span class='ocrx_word' id='word_1_27' title='bbox 331 922 399 979; x_wconf 78' lang='lat' dir='ltr'>inber</span> <span class='ocrx_word' id='word_1_28' title='bbox 420 923 476 1062; x_wconf 65' lang='lat' dir='ltr'>pop</span> <span class='ocrx_word' id='word_1_29' title='bbox 496 922 890 1063; x_wconf 59' lang='lat' dir='ltr'>medcpicinisclp·polizeiliehen</span> <span class='ocrx_word' id='word_1_30' title='bbox 914 928 983 985; x_wconf 92' lang='lat' dir='ltr'>Sinn</span> <span class='ocrx_word' id='word_1_31' title='bbox 1006 929 1057 986; x_wconf 90' lang='lat' dir='ltr'>der</span> <span class='ocrx_word' id='word_1_32' title='bbox 1077 929 1253 990; x_wconf 86' lang='lat' dir='ltr'>Mosaischen</span> 
     </span>
     <span class='ocr_line' id='line_1_7' title="bbox 127 1005 1254 1174; baseline 0.007 -24"><span class='ocrx_word' id='word_1_33' title='bbox 127 1005 1098 1174; x_wconf 50' lang='lat' dir='ltr'>illlalllllhtllalli·&lt;1lttl)⁰sil?².⁵s·..⁸·.&#39;.&#39;.lll</span> <span class='ocrx_word' id='word_1_34' title='bbox 1111 1015 1254 1174; x_wconf 66' lang='lat' dir='ltr'>llll}</span> 
     </span>
    </p>
   </div>
   <div class='ocr_carea' id='block_1_6' title="bbox 84 1171 1253 1831">
    <p class='ocr_par' dir='ltr' id='par_1_6' title="bbox 127 1171 592 1240">
     <span class='ocr_line' id='line_1_8' title="bbox 127 1171 592 1240; baseline -0.004 -14"><span class='ocrx_word' id='word_1_35' title='bbox 127 1173 221 1226; x_wconf 84' lang='lat' dir='ltr'>Judaei</span> <span class='ocrx_word' id='word_1_36' title='bbox 240 1181 267 1225; x_wconf 92' lang='lat' dir='ltr'>et</span> <span class='ocrx_word' id='word_1_37' title='bbox 284 1174 350 1226; x_wconf 91' lang='lat' dir='ltr'>bene</span> <span class='ocrx_word' id='word_1_38' title='bbox 367 1171 489 1224; x_wconf 81' lang='lat' dir='ltr'><strong>instructi</strong></span> <span class='ocrx_word' id='word_1_39' title='bbox 507 1177 592 1240; x_wconf 88' lang='lat' dir='ltr'>opus.)</span> 
     </span>
    </p>

    <p class='ocr_par' dir='ltr' id='par_1_7' title="bbox 84 1245 1253 1494">
     <span class='ocr_line' id='line_1_9' title="bbox 84 1245 1253 1327; baseline 0.005 -21"><span class='ocrx_word' id='word_1_40' title='bbox 84 1246 121 1307; x_wconf 86' lang='lat' dir='ltr'>E.</span> <span class='ocrx_word' id='word_1_41' title='bbox 141 1247 222 1321; x_wconf 78' lang='lat' dir='ltr'>Benj,</span> <span class='ocrx_word' id='word_1_42' title='bbox 243 1247 299 1306; x_wconf 87' lang='lat' dir='ltr'><strong>Gli.</strong></span> <span class='ocrx_word' id='word_1_43' title='bbox 323 1246 560 1303; x_wconf 88' lang='lat' dir='ltr'>Hebenstreit</span> <span class='ocrx_word' id='word_1_44' title='bbox 582 1263 664 1302; x_wconf 88' lang='lat' dir='ltr'>curae</span> <span class='ocrx_word' id='word_1_45' title='bbox 685 1245 812 1304; x_wconf 87' lang='lat' dir='ltr'>sanitatis</span> <span class='ocrx_word' id='word_1_46' title='bbox 832 1247 960 1324; x_wconf 89' lang='lat' dir='ltr'>publicae</span> <span class='ocrx_word' id='word_1_47' title='bbox 981 1253 1057 1327; x_wconf 89' lang='lat' dir='ltr'>apud</span> <span class='ocrx_word' id='word_1_48' title='bbox 1072 1257 1180 1312; x_wconf 88' lang='lat' dir='ltr'>veteres</span> <span class='ocrx_word' id='word_1_49' title='bbox 1205 1273 1253 1312; x_wconf 87' lang='lat' dir='ltr'>ex-</span> 
     </span>
     <span class='ocr_line' id='line_1_10' title="bbox 127 1325 1251 1410; baseline 0.007 -19"><span class='ocrx_word' id='word_1_50' title='bbox 127 1332 227 1410; x_wconf 88' lang='lat' dir='ltr'>empla.</span> <span class='ocrx_word' id='word_1_51' title='bbox 264 1331 341 1408; x_wconf 87' lang='lat' dir='ltr'>Lips.</span> <span class='ocrx_word' id='word_1_52' title='bbox 368 1325 459 1390; x_wconf 87' lang='grc'><strong>1779.</strong></span> <span class='ocrx_word' id='word_1_53' title='bbox 486 1325 516 1391; x_wconf 88' lang='grc'>4.</span> <span class='ocrx_word' id='word_1_54' title='bbox 544 1363 585 1374; x_wconf 88' lang='lat'>—-</span> <span class='ocrx_word' id='word_1_55' title='bbox 614 1330 734 1405; x_wconf 86' lang='lat' dir='ltr'>Ejusd.</span> <span class='ocrx_word' id='word_1_56' title='bbox 764 1351 847 1390; x_wconf 89' lang='lat' dir='ltr'>curae</span> <span class='ocrx_word' id='word_1_57' title='bbox 876 1341 927 1391; x_wconf 87' lang='lat' dir='ltr'>etc</span> <span class='ocrx_word' id='word_1_58' title='bbox 957 1333 1123 1396; x_wconf 72' lang='lat' dir='ltr'>Dissertatio</span> <span class='ocrx_word' id='word_1_59' title='bbox 1155 1339 1251 1399; x_wconf 89' lang='lat' dir='ltr'>altera.</span> 
     </span>
     <span class='ocr_line' id='line_1_11' title="bbox 127 1410 756 1494; baseline -0.008 -19"><span class='ocrx_word' id='word_1_60' title='bbox 127 1414 205 1494; x_wconf 75' lang='lat' dir='ltr'>LipS.</span> <span class='ocrx_word' id='word_1_61' title='bbox 230 1410 320 1476; x_wconf 83' lang='grc'><strong>1783.</strong></span> <span class='ocrx_word' id='word_1_62' title='bbox 344 1410 373 1478; x_wconf 89' lang='grc'>4.</span> <span class='ocrx_word' id='word_1_63' title='bbox 400 1421 503 1487; x_wconf 77' lang='lat' dir='ltr'>(Bonae</span> <span class='ocrx_word' id='word_1_64' title='bbox 531 1418 756 1488; x_wconf 83' lang='lat' dir='ltr'>disquisitiones.)</span> 
     </span>
    </p>

    <p class='ocr_par' dir='ltr' id='par_1_8' title="bbox 84 1499 1253 1831">
     <span class='ocr_line' id='line_1_12' title="bbox 84 1499 1253 1582; baseline 0.003 -19"><span class='ocrx_word' id='word_1_65' title='bbox 84 1502 172 1564; x_wconf 88' lang='lat' dir='ltr'>Wilh.</span> <span class='ocrx_word' id='word_1_66' title='bbox 195 1501 288 1560; x_wconf 80' lang='lat' dir='ltr'>David</span> <span class='ocrx_word' id='word_1_67' title='bbox 312 1500 517 1559; x_wconf 86' lang='lat' dir='ltr'>Fuhrmann</span> <span class='ocrx_word' id='word_1_68' title='bbox 545 1500 708 1558; x_wconf 88' lang='lat' dir='ltr'>historische</span> <span class='ocrx_word' id='word_1_69' title='bbox 732 1499 952 1578; x_wconf 80' lang='lat' dir='ltr'>Untersuchung</span> <span class='ocrx_word' id='word_1_70' title='bbox 973 1503 1043 1561; x_wconf 87' lang='lat' dir='ltr'>iiber</span> <span class='ocrx_word' id='word_1_71' title='bbox 1065 1504 1111 1563; x_wconf 89' lang='lat' dir='ltr'>die</span> <span class='ocrx_word' id='word_1_72' title='bbox 1125 1506 1253 1582; x_wconf 73' lang='lat' dir='ltr'>Begriib-</span> 
     </span>
     <span class='ocr_line' id='line_1_13' title="bbox 128 1585 1252 1665; baseline 0.004 -20"><span class='ocrx_word' id='word_1_73' title='bbox 128 1587 280 1665; x_wconf 82' lang='lat' dir='ltr'>nisspl&#39;atze</span> <span class='ocrx_word' id='word_1_74' title='bbox 301 1587 352 1643; x_wconf 82' lang='lat' dir='ltr'>der</span> <span class='ocrx_word' id='word_1_75' title='bbox 362 1585 456 1657; x_wconf 82' lang='lat' dir='ltr'>Alten,</span> <span class='ocrx_word' id='word_1_76' title='bbox 486 1587 639 1643; x_wconf 88' lang='lat' dir='ltr'>besonders</span> <span class='ocrx_word' id='word_1_77' title='bbox 666 1587 734 1643; x_wconf 89' lang='lat' dir='ltr'>iiber</span> <span class='ocrx_word' id='word_1_78' title='bbox 755 1586 806 1642; x_wconf 90' lang='lat' dir='ltr'>das</span> <span class='ocrx_word' id='word_1_79' title='bbox 828 1585 984 1645; x_wconf 87' lang='lat' dir='ltr'>Entstehen</span> <span class='ocrx_word' id='word_1_80' title='bbox 1010 1591 1068 1646; x_wconf 92' lang='lat' dir='ltr'>und</span> <span class='ocrx_word' id='word_1_81' title='bbox 1090 1591 1145 1648; x_wconf 88' lang='lat' dir='ltr'>den</span> <span class='ocrx_word' id='word_1_82' title='bbox 1167 1592 1252 1650; x_wconf 88' lang='lat' dir='ltr'>Fort-</span> 
     </span>
     <span class='ocr_line' id='line_1_14' title="bbox 128 1671 1253 1748; baseline 0.006 -19"><span class='ocrx_word' id='word_1_83' title='bbox 128 1691 207 1748; x_wconf 82' lang='lat' dir='ltr'>gang</span> <span class='ocrx_word' id='word_1_84' title='bbox 230 1673 280 1730; x_wconf 91' lang='lat' dir='ltr'>der</span> <span class='ocrx_word' id='word_1_85' title='bbox 297 1671 483 1728; x_wconf 88' lang='lat' dir='ltr'>Gewohnheit</span> <span class='ocrx_word' id='word_1_86' title='bbox 502 1679 582 1728; x_wconf 90' lang='lat' dir='ltr'>unter</span> <span class='ocrx_word' id='word_1_87' title='bbox 599 1672 654 1728; x_wconf 90' lang='lat' dir='ltr'>den</span> <span class='ocrx_word' id='word_1_88' title='bbox 672 1671 811 1742; x_wconf 89' lang='lat' dir='ltr'>Christen,</span> <span class='ocrx_word' id='word_1_89' title='bbox 835 1671 880 1728; x_wconf 93' lang='lat' dir='ltr'>die</span> <span class='ocrx_word' id='word_1_90' title='bbox 897 1671 1018 1731; x_wconf 88' lang='lat' dir='ltr'>Leichen</span> <span class='ocrx_word' id='word_1_91' title='bbox 1036 1675 1180 1734; x_wconf 88' lang='lat' dir='ltr'>innerhalb</span> <span class='ocrx_word' id='word_1_92' title='bbox 1202 1679 1253 1736; x_wconf 90' lang='lat' dir='ltr'>der</span> 
     </span>
     <span class='ocr_line' id='line_1_15' title="bbox 128 1755 1250 1831; baseline 0.007 -17"><span class='ocrx_word' id='word_1_93' title='bbox 128 1759 240 1831; x_wconf 72' lang='lat' dir='ltr'>sssdte,</span> <span class='ocrx_word' id='word_1_94' title='bbox 266 1756 353 1814; x_wconf 84' lang='lat' dir='ltr'>selbst</span> <span class='ocrx_word' id='word_1_95' title='bbox 377 1775 462 1831; x_wconf 80' lang='lat' dir='ltr'>sogar</span> <span class='ocrx_word' id='word_1_96' title='bbox 486 1756 514 1813; x_wconf 95' lang='lat' dir='ltr'>in</span> <span class='ocrx_word' id='word_1_97' title='bbox 537 1756 582 1813; x_wconf 90' lang='lat' dir='ltr'>die</span> <span class='ocrx_word' id='word_1_98' title='bbox 606 1755 729 1813; x_wconf 89' lang='lat' dir='ltr'>Kirchen</span> <span class='ocrx_word' id='word_1_99' title='bbox 756 1775 792 1812; x_wconf 88' lang='lat' dir='ltr'>zu</span> <span class='ocrx_word' id='word_1_100' title='bbox 815 1755 964 1831; x_wconf 79' lang='lat' dir='ltr'>begraben.</span> <span class='ocrx_word' id='word_1_101' title='bbox 998 1759 1082 1817; x_wconf 88' lang='lat' dir='ltr'>Halle</span> <span class='ocrx_word' id='word_1_102' title='bbox 1104 1755 1196 1820; x_wconf 89' lang='grc'><strong>1800.</strong></span> <span class='ocrx_word' id='word_1_103' title='bbox 1220 1758 1250 1822; x_wconf 88' lang='grc'>8.</span> 
     </span>
    </p>
   </div>
   <div class='ocr_carea' id='block_1_7' title="bbox 84 1836 1251 1986">
    <p class='ocr_par' dir='ltr' id='par_1_9' title="bbox 84 1836 1251 1986">
     <span class='ocr_line' id='line_1_16' title="bbox 129 1836 991 1906; baseline 0 -16"><span class='ocrx_word' id='word_1_104' title='bbox 129 1838 270 1905; x_wconf 82' lang='lat' dir='ltr'>(Theologi</span> <span class='ocrx_word' id='word_1_105' title='bbox 288 1837 403 1889; x_wconf 87' lang='lat' dir='ltr'>auctoris</span> <span class='ocrx_word' id='word_1_106' title='bbox 421 1836 572 1906; x_wconf 90' lang='lat' dir='ltr'>opuseulum</span> <span class='ocrx_word' id='word_1_107' title='bbox 590 1845 632 1889; x_wconf 85' lang='lat' dir='ltr'>sat</span> <span class='ocrx_word' id='word_1_108' title='bbox 650 1837 783 1906; x_wconf 87' lang='lat' dir='ltr'>copiosum</span> <span class='ocrx_word' id='word_1_109' title='bbox 801 1845 828 1888; x_wconf 89' lang='lat' dir='ltr'>et</span> <span class='ocrx_word' id='word_1_110' title='bbox 844 1837 991 1904; x_wconf 86' lang='lat' dir='ltr'>eruditum.)</span> 
     </span>
     <span class='ocr_line' id='line_1_17' title="bbox 84 1908 1251 1986; baseline 0.005 -17"><span class='ocrx_word' id='word_1_111' title='bbox 84 1910 131 1969; x_wconf 88' lang='lat' dir='ltr'>Jo.</span> <span class='ocrx_word' id='word_1_112' title='bbox 159 1910 231 1974; x_wconf 85' lang='lat' dir='ltr'>Geo.</span> <span class='ocrx_word' id='word_1_113' title='bbox 257 1911 387 1968; x_wconf 87' lang='lat' dir='ltr'>Eccius</span> <span class='ocrx_word' id='word_1_114' title='bbox 414 1912 450 1966; x_wconf 88' lang='lat' dir='ltr'>ad</span> <span class='ocrx_word' id='word_1_115' title='bbox 473 1911 563 1986; x_wconf 84' lang='lat' dir='ltr'>legem</span> <span class='ocrx_word' id='word_1_116' title='bbox 595 1909 657 1972; x_wconf 88' lang='lat' dir='ltr'>Xll.</span> <span class='ocrx_word' id='word_1_117' title='bbox 689 1908 861 1967; x_wconf 87' lang='lat' dir='ltr'>tabularum:</span> <span class='ocrx_word' id='word_1_118' title='bbox 889 1911 1029 1970; x_wconf 91' lang='lat' dir='ltr'>hominem</span> <span class='ocrx_word' id='word_1_119' title='bbox 1055 1919 1195 1974; x_wconf 88' lang='lat' dir='ltr'>mortuum</span> <span class='ocrx_word' id='word_1_120' title='bbox 1222 1915 1251 1976; x_wconf 92' lang='lat' dir='ltr'>in</span> 
     </span>
    </p>
   </div>
   <div class='ocr_carea' id='block_1_8' title="bbox 83 1988 1252 2227">
    <p class='ocr_par' dir='ltr' id='par_1_10' title="bbox 83 1988 1252 2227">
     <span class='ocr_line' id='line_1_18' title="bbox 128 1988 870 2072; baseline -0.004 -19"><span class='ocrx_word' id='word_1_121' title='bbox 128 1997 198 2054; x_wconf 89' lang='lat' dir='ltr'>urbe</span> <span class='ocrx_word' id='word_1_122' title='bbox 223 2015 259 2053; x_wconf 90' lang='lat' dir='ltr'>ne</span> <span class='ocrx_word' id='word_1_123' title='bbox 280 1995 397 2072; x_wconf 87' lang='lat' dir='ltr'>sepelito</span> <span class='ocrx_word' id='word_1_124' title='bbox 418 2014 490 2053; x_wconf 89' lang='lat' dir='ltr'>neve</span> <span class='ocrx_word' id='word_1_125' title='bbox 515 1995 597 2052; x_wconf 88' lang='lat' dir='ltr'>urito.</span> <span class='ocrx_word' id='word_1_126' title='bbox 622 1994 699 2072; x_wconf 91' lang='lat' dir='ltr'>Lips.</span> <span class='ocrx_word' id='word_1_127' title='bbox 722 1988 814 2053; x_wconf 86' lang='grc'><strong>1786.</strong></span> <span class='ocrx_word' id='word_1_128' title='bbox 841 1989 870 2051; x_wconf 90' lang='grc'>4.</span> 
     </span>
     <span class='ocr_line' id='line_1_19' title="bbox 83 2078 1252 2159; baseline 0.004 -21"><span class='ocrx_word' id='word_1_129' title='bbox 83 2078 119 2138; x_wconf 84' lang='lat' dir='ltr'>F.</span> <span class='ocrx_word' id='word_1_130' title='bbox 146 2081 180 2138; x_wconf 81' lang='lat' dir='ltr'>A.</span> <span class='ocrx_word' id='word_1_131' title='bbox 205 2079 485 2155; x_wconf 80' lang='lat' dir='ltr'>Klockenbring</span> <span class='ocrx_word' id='word_1_132' title='bbox 506 2080 631 2151; x_wconf 87' lang='lat' dir='ltr'>Beweis,</span> <span class='ocrx_word' id='word_1_133' title='bbox 663 2081 728 2136; x_wconf 88' lang='lat' dir='ltr'>dass</span> <span class='ocrx_word' id='word_1_134' title='bbox 755 2078 801 2136; x_wconf 90' lang='lat' dir='ltr'>die</span> <span class='ocrx_word' id='word_1_135' title='bbox 824 2078 935 2155; x_wconf 83' lang='lat' dir='ltr'>Regeln</span> <span class='ocrx_word' id='word_1_136' title='bbox 961 2082 1011 2138; x_wconf 89' lang='lat' dir='ltr'>der</span> <span class='ocrx_word' id='word_1_137' title='bbox 1033 2080 1176 2159; x_wconf 85' lang='lat' dir='ltr'>Ordnung</span> <span class='ocrx_word' id='word_1_138' title='bbox 1200 2085 1252 2143; x_wconf 91' lang='lat' dir='ltr'>der</span> 
     </span>
     <span class='ocr_line' id='line_1_20' title="bbox 126 2164 1251 2227; baseline 0.004 -4"><span class='ocrx_word' id='word_1_139' title='bbox 126 2165 284 2223; x_wconf 79' lang='lat' dir='ltr'>Mortalit&#39;dt</span> <span class='ocrx_word' id='word_1_140' title='bbox 309 2167 337 2222; x_wconf 93' lang='lat' dir='ltr'>in</span> <span class='ocrx_word' id='word_1_141' title='bbox 364 2165 437 2221; x_wconf 86' lang='lat' dir='ltr'>Rom</span> <span class='ocrx_word' id='word_1_142' title='bbox 464 2165 567 2223; x_wconf 89' lang='lat' dir='ltr'>bereits</span> <span class='ocrx_word' id='word_1_143' title='bbox 595 2165 623 2222; x_wconf 92' lang='lat' dir='ltr'>in</span> <span class='ocrx_word' id='word_1_144' title='bbox 652 2165 707 2222; x_wconf 91' lang='lat' dir='ltr'>den</span> <span class='ocrx_word' id='word_1_145' title='bbox 727 2169 819 2220; x_wconf 88' lang='lat' dir='ltr'>ersten</span> <span class='ocrx_word' id='word_1_146' title='bbox 839 2164 1064 2224; x_wconf 83' lang='lat' dir='ltr'>Jahrhunderten</span> <span class='ocrx_word' id='word_1_147' title='bbox 1090 2169 1141 2227; x_wconf 90' lang='lat' dir='ltr'>der</span> <span class='ocrx_word' id='word_1_148' title='bbox 1165 2168 1251 2227; x_wconf 88' lang='lat' dir='ltr'>Mon·</span> 
     </span>
    </p>
   </div>
   <div class='ocr_carea' id='block_1_9' title="bbox 127 2247 1251 2402">
    <p class='ocr_par' dir='ltr' id='par_1_11' title="bbox 127 2247 1251 2402">
     <span class='ocr_line' id='line_1_21' title="bbox 128 2247 1251 2326; baseline 0.004 -19"><span class='ocrx_word' id='word_1_149' title='bbox 128 2251 220 2308; x_wconf 87' lang='lat' dir='ltr'>archie</span> <span class='ocrx_word' id='word_1_150' title='bbox 241 2250 365 2307; x_wconf 85' lang='lat' dir='ltr'>bekannt</span> <span class='ocrx_word' id='word_1_151' title='bbox 387 2269 516 2325; x_wconf 85' lang='lat' dir='ltr'>gewesen</span> <span class='ocrx_word' id='word_1_152' title='bbox 540 2249 612 2311; x_wconf 86' lang='lat' dir='ltr'>sind.</span> <span class='ocrx_word' id='word_1_153' title='bbox 648 2247 815 2324; x_wconf 73' lang='lat' dir='ltr'>Vorlesung.</span> <span class='ocrx_word' id='word_1_154' title='bbox 853 2249 1009 2326; x_wconf 77' lang='lat' dir='ltr'>Giittingeu</span> <span class='ocrx_word' id='word_1_155' title='bbox 1032 2247 1122 2311; x_wconf 87' lang='grc'><strong>1767.</strong></span> <span class='ocrx_word' id='word_1_156' title='bbox 1140 2248 1170 2313; x_wconf 91' lang='grc'>4.</span> <span class='ocrx_word' id='word_1_157' title='bbox 1194 2259 1251 2324; x_wconf 88' lang='lat' dir='ltr'>(De</span> 
     </span>
     <span class='ocr_line' id='line_1_22' title="bbox 127 2330 1251 2402; baseline 0.003 -19"><span class='ocrx_word' id='word_1_158' title='bbox 127 2330 201 2383; x_wconf 88' lang='lat' dir='ltr'>libris</span> <span class='ocrx_word' id='word_1_159' title='bbox 220 2331 384 2383; x_wconf 87' lang='lat' dir='ltr'>censualibus</span> <span class='ocrx_word' id='word_1_160' title='bbox 403 2339 430 2383; x_wconf 88' lang='lat' dir='ltr'>et</span> <span class='ocrx_word' id='word_1_161' title='bbox 448 2331 548 2399; x_wconf 86' lang='lat' dir='ltr'>aliquot</span> <span class='ocrx_word' id='word_1_162' title='bbox 565 2330 629 2382; x_wconf 87' lang='lat' dir='ltr'>locis</span> <span class='ocrx_word' id='word_1_163' title='bbox 647 2330 832 2398; x_wconf 73' lang='lat' dir='ltr'><strong>pandectarum</strong></span> <span class='ocrx_word' id='word_1_164' title='bbox 850 2339 878 2382; x_wconf 87' lang='lat' dir='ltr'>et</span> <span class='ocrx_word' id='word_1_165' title='bbox 899 2332 1100 2398; x_wconf 78' lang='lat' dir='ltr'><strong>fragmentorum</strong></span> <span class='ocrx_word' id='word_1_166' title='bbox 1123 2332 1251 2402; x_wconf 81' lang='lat' dir='ltr'>Ulpiani.)</span> 
     </span>
    </p>
   </div>
   <div class='ocr_carea' id='block_1_10' title="bbox 82 2403 1250 2654">
    <p class='ocr_par' dir='ltr' id='par_1_12' title="bbox 82 2403 1250 2654">
     <span class='ocr_line' id='line_1_23' title="bbox 82 2403 1250 2480; baseline 0.003 -19"><span class='ocrx_word' id='word_1_167' title='bbox 82 2403 129 2462; x_wconf 86' lang='lat' dir='ltr'>Jo.</span> <span class='ocrx_word' id='word_1_168' title='bbox 150 2405 238 2465; x_wconf 87' lang='lat' dir='ltr'>Henr.</span> <span class='ocrx_word' id='word_1_169' title='bbox 265 2404 406 2463; x_wconf 91' lang='lat' dir='ltr'>Danber</span> <span class='ocrx_word' id='word_1_170' title='bbox 430 2405 467 2462; x_wconf 93' lang='lat' dir='ltr'>de</span> <span class='ocrx_word' id='word_1_171' title='bbox 488 2410 550 2461; x_wconf 90' lang='lat' dir='ltr'>toto</span> <span class='ocrx_word' id='word_1_172' title='bbox 571 2403 735 2480; x_wconf 89' lang='lat' dir='ltr'>inspiciendi</span> <span class='ocrx_word' id='word_1_173' title='bbox 757 2404 899 2461; x_wconf 89' lang='lat' dir='ltr'>cadaveris</span> <span class='ocrx_word' id='word_1_174' title='bbox 916 2405 1043 2461; x_wconf 91' lang='lat' dir='ltr'>instituto</span> <span class='ocrx_word' id='word_1_175' title='bbox 1061 2406 1097 2463; x_wconf 89' lang='lat' dir='ltr'>ab</span> <span class='ocrx_word' id='word_1_176' title='bbox 1115 2407 1250 2465; x_wconf 85' lang='lat' dir='ltr'>Hebraeis</span> 
     </span>
     <span class='ocr_line' id='line_1_24' title="bbox 126 2485 1127 2566; baseline 0.002 -20"><span class='ocrx_word' id='word_1_177' title='bbox 126 2509 178 2566; x_wconf 90' lang='lat' dir='ltr'>per</span> <span class='ocrx_word' id='word_1_178' title='bbox 202 2508 299 2546; x_wconf 89' lang='lat' dir='ltr'>manus</span> <span class='ocrx_word' id='word_1_179' title='bbox 323 2489 495 2546; x_wconf 87' lang='lat' dir='ltr'>Graecorum</span> <span class='ocrx_word' id='word_1_180' title='bbox 520 2490 556 2546; x_wconf 92' lang='lat' dir='ltr'>ad</span> <span class='ocrx_word' id='word_1_181' title='bbox 579 2489 724 2546; x_wconf 88' lang='lat' dir='ltr'>Romanos</span> <span class='ocrx_word' id='word_1_182' title='bbox 745 2487 891 2549; x_wconf 87' lang='lat' dir='ltr'>translato.</span> <span class='ocrx_word' id='word_1_183' title='bbox 926 2489 1013 2549; x_wconf 91' lang='lat' dir='ltr'>Bred.</span> <span class='ocrx_word' id='word_1_184' title='bbox 1037 2485 1127 2549; x_wconf 87' lang='grc'><strong>1646.</strong></span> 
     </span>
     <span class='ocr_line' id='line_1_25' title="bbox 84 2572 1249 2654; baseline 0.003 -22"><span class='ocrx_word' id='word_1_185' title='bbox 84 2572 160 2633; x_wconf 86' lang='lat' dir='ltr'>Petr.</span> <span class='ocrx_word' id='word_1_186' title='bbox 183 2575 318 2632; x_wconf 80' lang='lat' dir='ltr'>Gerilce</span> <span class='ocrx_word' id='word_1_187' title='bbox 346 2593 442 2652; x_wconf 78' lang='lat' dir='ltr'>progr,</span> <span class='ocrx_word' id='word_1_188' title='bbox 474 2593 531 2650; x_wconf 91' lang='lat' dir='ltr'>qno</span> <span class='ocrx_word' id='word_1_189' title='bbox 556 2573 757 2651; x_wconf 85' lang='lat' dir='ltr'>inspectionem</span> <span class='ocrx_word' id='word_1_190' title='bbox 784 2573 926 2631; x_wconf 85' lang='lat' dir='ltr'>cadaveris</span> <span class='ocrx_word' id='word_1_191' title='bbox 948 2575 976 2631; x_wconf 93' lang='lat' dir='ltr'>in</span> <span class='ocrx_word' id='word_1_192' title='bbox 998 2575 1148 2635; x_wconf 89' lang='lat' dir='ltr'>homicidio</span> <span class='ocrx_word' id='word_1_193' title='bbox 1173 2578 1249 2654; x_wconf 85' lang='lat' dir='ltr'>apud</span> 
     </span>
    </p>
   </div>
   <div class='ocr_carea' id='block_1_11' title="bbox 126 2654 1251 2734">
    <p class='ocr_par' dir='ltr' id='par_1_13' title="bbox 126 2654 1251 2734">
     <span class='ocr_line' id='line_1_26' title="bbox 126 2654 1251 2734; baseline 0.002 -17"><span class='ocrx_word' id='word_1_194' title='bbox 126 2658 272 2717; x_wconf 89' lang='lat' dir='ltr'>Romanos</span> <span class='ocrx_word' id='word_1_195' title='bbox 297 2659 362 2715; x_wconf 90' lang='lat' dir='ltr'>olim</span> <span class='ocrx_word' id='word_1_196' title='bbox 384 2660 411 2717; x_wconf 92' lang='lat' dir='ltr'>in</span> <span class='ocrx_word' id='word_1_197' title='bbox 437 2678 488 2716; x_wconf 91' lang='lat' dir='ltr'>usu</span> <span class='ocrx_word' id='word_1_198' title='bbox 513 2659 599 2716; x_wconf 84' lang='lat' dir='ltr'>fuisse</span> <span class='ocrx_word' id='word_1_199' title='bbox 621 2659 751 2716; x_wconf 78' lang='lat' dir='ltr'>ostendit.</span> <span class='ocrx_word' id='word_1_200' title='bbox 806 2657 963 2716; x_wconf 90' lang='lat' dir='ltr'>Helmstad.</span> <span class='ocrx_word' id='word_1_201' title='bbox 1001 2654 1093 2719; x_wconf 83' lang='lat'><strong>1739.</strong></span> <span class='ocrx_word' id='word_1_202' title='bbox 1127 2655 1156 2719; x_wconf 88' lang='grc'>4.</span> <span class='ocrx_word' id='word_1_203' title='bbox 1194 2666 1251 2734; x_wconf 86' lang='lat' dir='ltr'>(Ad</span> 
     </span>
    </p>
   </div>
   <div class='ocr_carea' id='block_1_12' title="bbox 126 2739 1250 2875">
    <p class='ocr_par' dir='ltr' id='par_1_14' title="bbox 126 2739 1250 2875">
     <span class='ocr_line' id='line_1_27' title="bbox 126 2739 1250 2809; baseline 0.004 -17"><span class='ocrx_word' id='word_1_204' title='bbox 126 2739 262 2793; x_wconf 85' lang='lat' dir='ltr'>Plutarchi</span> <span class='ocrx_word' id='word_1_205' title='bbox 276 2739 320 2791; x_wconf 88' lang='lat' dir='ltr'>vit.</span> <span class='ocrx_word' id='word_1_206' title='bbox 342 2739 444 2792; x_wconf 88' lang='lat' dir='ltr'>Romuli</span> <span class='ocrx_word' id='word_1_207' title='bbox 457 2748 484 2792; x_wconf 88' lang='lat' dir='ltr'>et</span> <span class='ocrx_word' id='word_1_208' title='bbox 497 2739 624 2805; x_wconf 89' lang='lat' dir='ltr'>Gracchi,</span> <span class='ocrx_word' id='word_1_209' title='bbox 637 2739 757 2792; x_wconf 76' lang='lat' dir='ltr'>OEceron.</span> <span class='ocrx_word' id='word_1_210' title='bbox 771 2749 839 2796; x_wconf 86' lang='lat' dir='ltr'>orat.</span> <span class='ocrx_word' id='word_1_211' title='bbox 854 2758 902 2809; x_wconf 88' lang='lat' dir='ltr'>pro</span> <span class='ocrx_word' id='word_1_212' title='bbox 910 2739 1040 2805; x_wconf 88' lang='lat' dir='ltr'>Cluentio,</span> <span class='ocrx_word' id='word_1_213' title='bbox 1054 2740 1171 2795; x_wconf 80' lang='lat' dir='ltr'>Senecae</span> <span class='ocrx_word' id='word_1_214' title='bbox 1186 2761 1250 2797; x_wconf 91' lang='lat' dir='ltr'>con-</span> 
     </span>
     <span class='ocr_line' id='line_1_28' title="bbox 126 2807 556 2875; baseline -0.002 -13"><span class='ocrx_word' id='word_1_215' title='bbox 126 2816 254 2875; x_wconf 76' lang='lat' dir='ltr'>trovers,</span> <span class='ocrx_word' id='word_1_216' title='bbox 272 2809 380 2863; x_wconf 82' lang='lat' dir='ltr'>Sueten.</span> <span class='ocrx_word' id='word_1_217' title='bbox 398 2807 449 2862; x_wconf 82' lang='lat' dir='ltr'>Jut</span> <span class='ocrx_word' id='word_1_218' title='bbox 469 2809 556 2874; x_wconf 85' lang='lat' dir='ltr'>Caes.)</span> 
     </span>
    </p>
   </div>
   <div class='ocr_carea' id='block_1_13' title="bbox 81 2880 1251 3044">
    <p class='ocr_par' dir='ltr' id='par_1_15' title="bbox 81 2880 1251 3044">
     <span class='ocr_line' id='line_1_29' title="bbox 81 2880 1250 2959; baseline -0.003 -20"><span class='ocrx_word' id='word_1_219' title='bbox 81 2882 129 2945; x_wconf 86' lang='lat' dir='ltr'>Jo.</span> <span class='ocrx_word' id='word_1_220' title='bbox 155 2882 222 2944; x_wconf 89' lang='lat' dir='ltr'>Ern.</span> <span class='ocrx_word' id='word_1_221' title='bbox 248 2882 333 2939; x_wconf 84' lang='lat' dir='ltr'>Ferd.</span> <span class='ocrx_word' id='word_1_222' title='bbox 359 2882 513 2940; x_wconf 89' lang='lat' dir='ltr'>Schulze</span> <span class='ocrx_word' id='word_1_223' title='bbox 533 2880 705 2958; x_wconf 83' lang='lat' dir='ltr'>toxicologia</span> <span class='ocrx_word' id='word_1_224' title='bbox 726 2886 866 2952; x_wconf 88' lang='lat' dir='ltr'>veterum,</span> <span class='ocrx_word' id='word_1_225' title='bbox 892 2881 1004 2959; x_wconf 89' lang='lat' dir='ltr'>plantas</span> <span class='ocrx_word' id='word_1_226' title='bbox 1029 2888 1180 2941; x_wconf 83' lang='lat' dir='ltr'>venenatas</span> <span class='ocrx_word' id='word_1_227' title='bbox 1201 2903 1250 2942; x_wconf 85' lang='lat' dir='ltr'>ex.</span> 
     </span>
     <span class='ocr_line' id='line_1_30' title="bbox 125 2966 1251 3044; baseline 0.002 -20"><span class='ocrx_word' id='word_1_228' title='bbox 125 2967 223 3024; x_wconf 88' lang='lat' dir='ltr'>hibens</span> <span class='ocrx_word' id='word_1_229' title='bbox 244 2968 443 3044; x_wconf 87' lang='lat' dir='ltr'>Theophrasti,</span> <span class='ocrx_word' id='word_1_230' title='bbox 465 2967 579 3038; x_wconf 91' lang='lat' dir='ltr'>Galeni,</span> <span class='ocrx_word' id='word_1_231' title='bbox 608 2966 796 3039; x_wconf 78' lang='lat' dir='ltr'>DioscoridiS,</span> <span class='ocrx_word' id='word_1_232' title='bbox 825 2966 918 3023; x_wconf 86' lang='lat' dir='ltr'>Plinii</span> <span class='ocrx_word' id='word_1_233' title='bbox 933 2967 1107 3043; x_wconf 92' lang='lat' dir='ltr'>aliorumque</span> <span class='ocrx_word' id='word_1_234' title='bbox 1128 2970 1251 3026; x_wconf 92' lang='lat' dir='ltr'>auctori-</span> 
     </span>
    </p>
   </div>
   <div class='ocr_carea' id='block_1_14' title="bbox 82 3045 1251 3284">
    <p class='ocr_par' dir='ltr' id='par_1_16' title="bbox 82 3045 1251 3284">
     <span class='ocr_line' id='line_1_31' title="bbox 124 3045 1251 3128; baseline 0.002 -19"><span class='ocrx_word' id='word_1_235' title='bbox 124 3057 186 3110; x_wconf 83' lang='lat' dir='ltr'>tate</span> <span class='ocrx_word' id='word_1_236' title='bbox 209 3053 246 3109; x_wconf 89' lang='lat' dir='ltr'>ad</span> <span class='ocrx_word' id='word_1_237' title='bbox 267 3053 400 3110; x_wconf 89' lang='lat' dir='ltr'>deleteria</span> <span class='ocrx_word' id='word_1_238' title='bbox 424 3071 531 3110; x_wconf 89' lang='lat' dir='ltr'>venena</span> <span class='ocrx_word' id='word_1_239' title='bbox 552 3051 662 3110; x_wconf 88' lang='lat' dir='ltr'>relatas.</span> <span class='ocrx_word' id='word_1_240' title='bbox 715 3050 780 3114; x_wconf 86' lang='lat' dir='ltr'>Hal.</span> <span class='ocrx_word' id='word_1_241' title='bbox 803 3045 894 3110; x_wconf 87' lang='grc'><strong>1788.</strong></span> <span class='ocrx_word' id='word_1_242' title='bbox 921 3047 951 3115; x_wconf 90' lang='lat'>4.</span> <span class='ocrx_word' id='word_1_243' title='bbox 984 3057 1064 3124; x_wconf 87' lang='lat' dir='ltr'>(Loci</span> <span class='ocrx_word' id='word_1_244' title='bbox 1087 3058 1251 3128; x_wconf 87' lang='lat' dir='ltr'>scriptorum</span> 
     </span>
     <span class='ocr_line' id='line_1_32' title="bbox 126 3132 876 3202; baseline 0 -18"><span class='ocrx_word' id='word_1_245' title='bbox 126 3132 223 3202; x_wconf 89' lang='lat' dir='ltr'>quide</span> <span class='ocrx_word' id='word_1_246' title='bbox 241 3134 347 3186; x_wconf 83' lang='lat' dir='ltr'>venenis</span> <span class='ocrx_word' id='word_1_247' title='bbox 365 3145 447 3202; x_wconf 84' lang='lat' dir='ltr'>agunt</span> <span class='ocrx_word' id='word_1_248' title='bbox 464 3134 646 3186; x_wconf 83' lang='lat' dir='ltr'>commentario</span> <span class='ocrx_word' id='word_1_249' title='bbox 664 3133 743 3184; x_wconf 92' lang='lat' dir='ltr'>docto</span> <span class='ocrx_word' id='word_1_250' title='bbox 761 3132 876 3199; x_wconf 81' lang='lat' dir='ltr'>donati.)</span> 
     </span>
     <span class='ocr_line' id='line_1_33' title="bbox 82 3204 1251 3284; baseline 0.003 -22"><span class='ocrx_word' id='word_1_251' title='bbox 82 3204 119 3270; x_wconf 76' lang='lat' dir='ltr'>G,</span> <span class='ocrx_word' id='word_1_252' title='bbox 142 3205 177 3267; x_wconf 91' lang='lat' dir='ltr'>E.</span> <span class='ocrx_word' id='word_1_253' title='bbox 200 3206 394 3265; x_wconf 88' lang='lat' dir='ltr'>Christiani</span> <span class='ocrx_word' id='word_1_254' title='bbox 421 3207 545 3284; x_wconf 87' lang='lat' dir='ltr'>prolusio</span> <span class='ocrx_word' id='word_1_255' title='bbox 578 3207 717 3264; x_wconf 86' lang='lat' dir='ltr'>illustrans</span> <span class='ocrx_word' id='word_1_256' title='bbox 748 3205 926 3264; x_wconf 87' lang='lat' dir='ltr'>memorabile</span> <span class='ocrx_word' id='word_1_257' title='bbox 952 3207 1036 3264; x_wconf 88' lang='lat' dir='ltr'>medii</span> <span class='ocrx_word' id='word_1_258' title='bbox 1063 3208 1126 3266; x_wconf 88' lang='lat' dir='ltr'>aevi</span> <span class='ocrx_word' id='word_1_259' title='bbox 1150 3227 1251 3266; x_wconf 89' lang='lat' dir='ltr'>monu-</span> 
     </span>
    </p>
   </div>
   <div class='ocr_carea' id='block_1_15' title="bbox 123 3291 1252 3452">
    <p class='ocr_par' dir='ltr' id='par_1_17' title="bbox 123 3291 1252 3452">
     <span class='ocr_line' id='line_1_34' title="bbox 123 3291 1251 3368; baseline 0 -19"><span class='ocrx_word' id='word_1_260' title='bbox 123 3298 265 3368; x_wconf 84' lang='lat' dir='ltr'>mentum,</span> <span class='ocrx_word' id='word_1_261' title='bbox 292 3293 369 3366; x_wconf 90' lang='lat' dir='ltr'>quod</span> <span class='ocrx_word' id='word_1_262' title='bbox 394 3293 432 3349; x_wconf 92' lang='lat' dir='ltr'>ad</span> <span class='ocrx_word' id='word_1_263' title='bbox 459 3291 622 3348; x_wconf 89' lang='lat' dir='ltr'>medicinam</span> <span class='ocrx_word' id='word_1_264' title='bbox 644 3292 783 3348; x_wconf 85' lang='lat' dir='ltr'>sorensem</span> <span class='ocrx_word' id='word_1_265' title='bbox 808 3296 928 3367; x_wconf 90' lang='lat' dir='ltr'>spectat,</span> <span class='ocrx_word' id='word_1_266' title='bbox 963 3291 1140 3367; x_wconf 88' lang='lat' dir='ltr'>Responsum</span> <span class='ocrx_word' id='word_1_267' title='bbox 1164 3292 1251 3349; x_wconf 90' lang='lat' dir='ltr'>lCto-</span> 
     </span>
     <span class='ocr_line' id='line_1_35' title="bbox 123 3374 1252 3452; baseline -0.001 -19"><span class='ocrx_word' id='word_1_268' title='bbox 123 3395 186 3433; x_wconf 89' lang='lat' dir='ltr'>rum</span> <span class='ocrx_word' id='word_1_269' title='bbox 208 3375 436 3452; x_wconf 86' lang='lat' dir='ltr'>Moguntinorum</span> <span class='ocrx_word' id='word_1_270' title='bbox 459 3376 555 3434; x_wconf 87' lang='lat' dir='ltr'>datum</span> <span class='ocrx_word' id='word_1_271' title='bbox 578 3375 607 3432; x_wconf 90' lang='lat' dir='ltr'>in</span> <span class='ocrx_word' id='word_1_272' title='bbox 629 3394 713 3432; x_wconf 89' lang='lat' dir='ltr'>causa</span> <span class='ocrx_word' id='word_1_273' title='bbox 732 3374 846 3447; x_wconf 87' lang='lat' dir='ltr'>illustri,</span> <span class='ocrx_word' id='word_1_274' title='bbox 880 3374 963 3448; x_wconf 86' lang='lat' dir='ltr'>elogii</span> <span class='ocrx_word' id='word_1_275' title='bbox 985 3375 1155 3433; x_wconf 84' lang='lat' dir='ltr'>medicorum</span> <span class='ocrx_word' id='word_1_276' title='bbox 1179 3375 1252 3433; x_wconf 89' lang='lat' dir='ltr'>alio·</span> 
     </span>
    </p>
   </div>
   <div class='ocr_carea' id='block_1_16' title="bbox 124 3453 1249 3536">
    <p class='ocr_par' dir='ltr' id='par_1_18' title="bbox 124 3453 1249 3536">
     <span class='ocr_line' id='line_1_36' title="bbox 124 3453 1249 3536; baseline -0.001 -19"><span class='ocrx_word' id='word_1_277' title='bbox 124 3479 242 3535; x_wconf 89' lang='lat' dir='ltr'>rumque</span> <span class='ocrx_word' id='word_1_278' title='bbox 267 3467 384 3519; x_wconf 89' lang='lat' dir='ltr'>naturae</span> <span class='ocrx_word' id='word_1_279' title='bbox 404 3465 591 3518; x_wconf 88' lang='lat' dir='ltr'>scrutatorum</span> <span class='ocrx_word' id='word_1_280' title='bbox 613 3460 708 3517; x_wconf 86' lang='lat' dir='ltr'>habito</span> <span class='ocrx_word' id='word_1_281' title='bbox 731 3465 866 3536; x_wconf 88' lang='lat' dir='ltr'>respectu.</span> <span class='ocrx_word' id='word_1_282' title='bbox 899 3458 992 3516; x_wconf 91' lang='lat' dir='ltr'>Kilon.</span> <span class='ocrx_word' id='word_1_283' title='bbox 1013 3453 1104 3520; x_wconf 88' lang='grc'><strong>1786.</strong></span> <span class='ocrx_word' id='word_1_284' title='bbox 1120 3455 1149 3518; x_wconf 93' lang='lat'>4.</span> <span class='ocrx_word' id='word_1_285' title='bbox 1180 3465 1249 3531; x_wconf 85' lang='lat' dir='ltr'>(Re-</span> 
     </span>
    </p>
   </div>
   <div class='ocr_carea' id='block_1_17' title="bbox 125 3540 1249 3679">
    <p class='ocr_par' dir='ltr' id='par_1_19' title="bbox 125 3540 1249 3679">
     <span class='ocr_line' id='line_1_37' title="bbox 125 3540 1248 3661; baseline 0.003 -68"><span class='ocrx_word' id='word_1_286' title='bbox 125 3558 248 3610; x_wconf 80' lang='lat' dir='ltr'>sponsum</span> <span class='ocrx_word' id='word_1_287' title='bbox 268 3543 301 3594; x_wconf 88' lang='lat' dir='ltr'>de</span> <span class='ocrx_word' id='word_1_288' title='bbox 313 3550 398 3661; x_wconf 61' lang='lat' dir='ltr'>partu</span> <span class='ocrx_word' id='word_1_289' title='bbox 415 3541 529 3609; x_wconf 84' lang='lat' dir='ltr'>legitimo</span> <span class='ocrx_word' id='word_1_290' title='bbox 548 3541 667 3623; x_wconf 79' lang='lat' dir='ltr'>quamvis</span> <span class='ocrx_word' id='word_1_291' title='bbox 686 3540 806 3609; x_wconf 88' lang='lat' dir='ltr'>praecoci</span> <span class='ocrx_word' id='word_1_292' title='bbox 825 3540 997 3621; x_wconf 75' lang='lat' dir='ltr'>gemellorum,</span> <span class='ocrx_word' id='word_1_293' title='bbox 1018 3541 1248 3608; x_wconf 81' lang='lat' dir='ltr'>quosann01433</span> 
     </span>
     <span class='ocr_line' id='line_1_38' title="bbox 128 3609 1249 3679; baseline 0.002 -17"><span class='ocrx_word' id='word_1_294' title='bbox 128 3610 210 3663; x_wconf 88' lang='lat' dir='ltr'>edidit</span> <span class='ocrx_word' id='word_1_295' title='bbox 227 3627 294 3662; x_wconf 83' lang='lat' dir='ltr'>uxor</span> <span class='ocrx_word' id='word_1_296' title='bbox 341 3611 457 3676; x_wconf 86' lang='lat' dir='ltr'>erhardi,</span> <span class='ocrx_word' id='word_1_297' title='bbox 481 3609 604 3679; x_wconf 77' lang='lat' dir='ltr'>principis</span> <span class='ocrx_word' id='word_1_298' title='bbox 628 3610 798 3662; x_wconf 76' lang='lat' dir='ltr'>slesvicensis</span> <span class='ocrx_word' id='word_1_299' title='bbox 822 3617 850 3662; x_wconf 87' lang='lat' dir='ltr'>et</span> <span class='ocrx_word' id='word_1_300' title='bbox 872 3610 973 3662; x_wconf 80' lang='lat' dir='ltr'>comatis</span> <span class='ocrx_word' id='word_1_301' title='bbox 996 3609 1030 3662; x_wconf 88' lang='lat' dir='ltr'>de</span> <span class='ocrx_word' id='word_1_302' title='bbox 1052 3609 1181 3676; x_wconf 87' lang='lat' dir='ltr'>Holstein,</span> <span class='ocrx_word' id='word_1_303' title='bbox 1200 3612 1249 3664; x_wconf 91' lang='lat' dir='ltr'>de·</span> 
     </span>
    </p>
   </div>
   <div class='ocr_carea' id='block_1_18' title="bbox 124 3677 1247 3814">
    <p class='ocr_par' dir='ltr' id='par_1_20' title="bbox 124 3677 1247 3814">
     <span class='ocr_line' id='line_1_39' title="bbox 124 3677 1247 3814; baseline 0.006 -85"><span class='ocrx_word' id='word_1_304' title='bbox 124 3677 294 3802; x_wconf 53' lang='lat' dir='ltr'>{uruattuprng</span> <span class='ocrx_word' id='word_1_305' title='bbox 317 3697 332 3730; x_wconf 89' lang='lat' dir='ltr'>a</span> <span class='ocrx_word' id='word_1_306' title='bbox 354 3680 480 3802; x_wconf 54' lang='grc' dir='ltr'>ρςὲερδῐιῶ</span> <span class='ocrx_word' id='word_1_307' title='bbox 491 3679 641 3814; x_wconf 71' lang='lat' dir='ltr'>piplomntis</span> <span class='ocrx_word' id='word_1_308' title='bbox 657 3677 862 3746; x_wconf 80' lang='lat' dir='ltr'>membranacei3</span> <span class='ocrx_word' id='word_1_309' title='bbox 887 3679 935 3733; x_wconf 83' lang='lat' dir='ltr'>cir.</span> <span class='ocrx_word' id='word_1_310' title='bbox 958 3679 1054 3732; x_wconf 87' lang='lat' dir='ltr'>Jenaer</span> <span class='ocrx_word' id='word_1_311' title='bbox 1074 3679 1247 3748; x_wconf 67' lang='lat' dir='ltr'>eligentur.</span> 
     </span>
     <span class='ocr_line' id='line_1_40' title="bbox 150 3765 489 3804; baseline 0.012 -5"><span class='ocrx_word' id='word_1_312' title='bbox 150 3765 195 3804; x_wconf 85' lang='lat' dir='ltr'>er.</span> <span class='ocrx_word' id='word_1_313' title='bbox 281 3788 288 3801; x_wconf 95' lang='lat'><strong>.</strong></span> <span class='ocrx_word' id='word_1_314' title='bbox 342 3767 409 3804; x_wconf 71' lang='grc' dir='ltr'>αι.</span> <span class='ocrx_word' id='word_1_315' title='bbox 482 3789 489 3803; x_wconf 95' lang='grc'><strong>.</strong></span> 
     </span>
    </p>
   </div>
   <div class='ocr_carea' id='block_1_19' title="bbox 109 3884 1219 4125">
    <p class='ocr_par' dir='ltr' id='par_1_21' title="bbox 109 3884 1219 4125">
     <span class='ocr_line' id='line_1_41' title="bbox 109 3884 1219 4007; baseline 0.004 -27"><span class='ocrx_word' id='word_1_316' title='bbox 109 3885 172 3981; x_wconf 81' lang='lat' dir='ltr'>cl.</span> <span class='ocrx_word' id='word_1_317' title='bbox 231 3885 576 3984; x_wconf 72' lang='lat' dir='ltr'>Medicina</span> <span class='ocrx_word' id='word_1_318' title='bbox 611 3887 880 4006; x_wconf 69' lang='lat' dir='ltr'>puplico</span> <span class='ocrx_word' id='word_1_319' title='bbox 914 3884 1219 4007; x_wconf 67' lang='lat' dir='ltr'>postcom</span> 
     </span>
     <span class='ocr_line' id='line_1_42' title="bbox 442 4005 883 4125; baseline -0.005 -24"><span class='ocrx_word' id='word_1_320' title='bbox 442 4005 883 4125; x_wconf 67' lang='lat' dir='ltr'>eunomianum.</span> 
     </span>
    </p>
   </div>
   <div class='ocr_carea' id='block_1_20' title="bbox 79 4153 1246 4238">
    <p class='ocr_par' dir='ltr' id='par_1_22' title="bbox 79 4153 1246 4238">
     <span class='ocr_line' id='line_1_43' title="bbox 79 4153 1246 4238; baseline 0.004 -26"><span class='ocrx_word' id='word_1_321' title='bbox 79 4153 182 4232; x_wconf 74' lang='lat' dir='ltr'>Franp.</span> <span class='ocrx_word' id='word_1_322' title='bbox 204 4154 236 4214; x_wconf 89' lang='lat' dir='ltr'>P.</span> <span class='ocrx_word' id='word_1_323' title='bbox 264 4157 489 4219; x_wconf 89' lang='lat' dir='ltr'>Chaumeton</span> <span class='ocrx_word' id='word_1_324' title='bbox 512 4162 635 4238; x_wconf 91' lang='lat' dir='ltr'>esqnisse</span> <span class='ocrx_word' id='word_1_325' title='bbox 657 4160 810 4236; x_wconf 90' lang='lat' dir='ltr'>historique</span> <span class='ocrx_word' id='word_1_326' title='bbox 835 4161 871 4218; x_wconf 93' lang='lat' dir='ltr'>de</span> <span class='ocrx_word' id='word_1_327' title='bbox 892 4159 919 4218; x_wconf 88' lang='lat' dir='ltr'>la</span> <span class='ocrx_word' id='word_1_328' title='bbox 940 4161 1084 4219; x_wconf 89' lang='lat' dir='ltr'>me&#39;decine</span> <span class='ocrx_word' id='word_1_329' title='bbox 1104 4159 1194 4234; x_wconf 85' lang='lat' dir='ltr'>legale</span> <span class='ocrx_word' id='word_1_330' title='bbox 1212 4178 1246 4217; x_wconf 89' lang='lat' dir='ltr'>en</span> 
     </span>
    </p>
   </div>
   <div class='ocr_carea' id='block_1_21' title="bbox 122 4240 1248 4391">
    <p class='ocr_par' dir='ltr' id='par_1_23' title="bbox 122 4240 1248 4391">
     <span class='ocr_line' id='line_1_44' title="bbox 122 4240 1248 4391; baseline 0.004 -93"><span class='ocrx_word' id='word_1_331' title='bbox 122 4240 240 4375; x_wconf 54' lang='lat' dir='ltr'>fgrppcg</span> <span class='ocrx_word' id='word_1_332' title='bbox 259 4241 341 4391; x_wconf 58' lang='grc' dir='ltr'>ξὲξίε)</span> <span class='ocrx_word' id='word_1_333' title='bbox 357 4241 449 4305; x_wconf 87' lang='grc'><strong>1806.</strong></span> <span class='ocrx_word' id='word_1_334' title='bbox 471 4240 501 4306; x_wconf 90' lang='grc'>8.</span> <span class='ocrx_word' id='word_1_335' title='bbox 535 4252 608 4319; x_wconf 79' lang='lat' dir='ltr'>(Cir.</span> <span class='ocrx_word' id='word_1_336' title='bbox 631 4251 714 4320; x_wconf 89' lang='lat' dir='ltr'>Kopp</span> <span class='ocrx_word' id='word_1_337' title='bbox 735 4251 872 4304; x_wconf 86' lang='lat' dir='ltr'>Jahrbuch</span> <span class='ocrx_word' id='word_1_338' title='bbox 895 4251 944 4302; x_wconf 85' lang='lat' dir='ltr'>der</span> <span class='ocrx_word' id='word_1_339' title='bbox 970 4249 1248 4302; x_wconf 82' lang='lat' dir='ltr'>staatsarzneikunde</span> 
     </span>
    </p>
   </div>
   <div class='ocr_carea' id='block_1_22' title="bbox 75 4393 1245 4562">
    <p class='ocr_par' dir='ltr' id='par_1_24' title="bbox 75 4393 1245 4562">
     <span class='ocr_line' id='line_1_45' title="bbox 75 4393 1245 4475; baseline 0.003 -23"><span class='ocrx_word' id='word_1_340' title='bbox 75 4393 170 4452; x_wconf 86' lang='lat' dir='ltr'>Table</span> <span class='ocrx_word' id='word_1_341' title='bbox 192 4396 413 4474; x_wconf 82' lang='lat' dir='ltr'>chronologique</span> <span class='ocrx_word' id='word_1_342' title='bbox 437 4401 475 4457; x_wconf 90' lang='lat' dir='ltr'>de</span> <span class='ocrx_word' id='word_1_343' title='bbox 495 4405 573 4458; x_wconf 89' lang='lat' dir='ltr'>touts</span> <span class='ocrx_word' id='word_1_344' title='bbox 594 4399 634 4458; x_wconf 90' lang='lat' dir='ltr'>les</span> <span class='ocrx_word' id='word_1_345' title='bbox 651 4399 734 4470; x_wconf 73' lang='lat' dir='ltr'>edits,</span> <span class='ocrx_word' id='word_1_346' title='bbox 758 4398 961 4472; x_wconf 87' lang='lat' dir='ltr'>declarations‚</span> <span class='ocrx_word' id='word_1_347' title='bbox 986 4397 1082 4455; x_wconf 90' lang='lat' dir='ltr'>lettres</span> <span class='ocrx_word' id='word_1_348' title='bbox 1105 4402 1245 4475; x_wconf 89' lang='lat' dir='ltr'>patentes,</span> 
     </span>
     <span class='ocr_line' id='line_1_46' title="bbox 119 4479 1245 4562; baseline 0.003 -26"><span class='ocrx_word' id='word_1_349' title='bbox 119 4479 209 4538; x_wconf 74' lang='lat' dir='ltr'>arrets</span> <span class='ocrx_word' id='word_1_350' title='bbox 234 4481 273 4538; x_wconf 91' lang='lat' dir='ltr'>du</span> <span class='ocrx_word' id='word_1_351' title='bbox 294 4483 423 4559; x_wconf 88' lang='lat' dir='ltr'>Conseil,</span> <span class='ocrx_word' id='word_1_352' title='bbox 446 4490 548 4544; x_wconf 83' lang='lat' dir='ltr'>statuts</span> <span class='ocrx_word' id='word_1_353' title='bbox 570 4493 599 4544; x_wconf 91' lang='lat' dir='ltr'>et</span> <span class='ocrx_word' id='word_1_354' title='bbox 618 4485 790 4561; x_wconf 86' lang='lat' dir='ltr'>reglemens,</span> <span class='ocrx_word' id='word_1_355' title='bbox 819 4487 1000 4542; x_wconf 88' lang='lat' dir='ltr'>concernants</span> <span class='ocrx_word' id='word_1_356' title='bbox 1027 4481 1069 4540; x_wconf 88' lang='lat' dir='ltr'>les</span> <span class='ocrx_word' id='word_1_357' title='bbox 1093 4483 1245 4562; x_wconf 77' lang='lat' dir='ltr'>medecins,</span> 
     </span>
    </p>
   </div>
   <div class='ocr_carea' id='block_1_23' title="bbox 0 0 1442 4974">
    <p class='ocr_par' dir='ltr' id='par_1_25' title="bbox 0 0 1442 4974">
     <span class='ocr_line' id='line_1_47' title="bbox 0 0 1442 4974; baseline 0 1"><span class='ocrx_word' id='word_1_358' title='bbox 0 0 1442 4974; x_wconf 95' lang='lat' dir='ltr'> </span> 
     </span>
    </p>
   </div>
  </div>
 </body>
</html>
