2874 4974
578 281 676 341 Cicero
697 312 740 325 -
762 279 876 346 Plinius.
1271 277 1312 341 55

138 434 236 492 Adam
259 431 340 492 Mich.
362 432 538 493 Birkhola
559 434 657 492 Cicero
684 435 825 511 medicus,
848 435 877 495 h.
898 457 925 498 e.
951 436 1045 495 selecti
1071 457 1087 496 e
1109 436 1148 498 M.
1171 435 1207 495 T.
1230 436 1310 494 Cice·

183 517 261 576 ronis
286 519 419 597 operibns
444 518 515 592 loci,
545 519 587 578 vel
611 521 723 578 omnino
749 522 861 597 medici,
883 521 926 579 vel
948 522 1074 580 facillime
1098 524 1201 580 adres
1227 522 1309 578 disci-

182 603 332 682 plinasque
353 604 475 662 medicas
496 607 689 665 transterendi.
733 603 810 684 Lips.
834 601 925 668 1806.
946 602 975 670 8.
997 641 1039 650 -
1063 603 1132 665 Νου.
1160 609 1204 664 tit.
1227 605 1307 687 Lips.

184 682 277 746 1813.
303 683 333 748 8.
378 694 544 759 (Secundum
559 695 705 747 editionem
720 711 797 763 quam
812 695 849 751 Is.
866 696 993 765 Verbnrg
1014 697 1099 752 Amst.
1120 694 1196 751 1721.
1216 696 1242 750 4.
1261 712 1307 748 cn·

183 768 271 835 ravit3
289 769 350 823 boni
367 770 466 824 indices
484 772 580 840 adjecti
598 779 668 837 sunt,
686 772 733 825 sed
751 771 824 825 deest
841 772 922 825 omnis
941 774 1089 842 explicatio,
1108 772 1213 826 varians
1230 771 1306 826 lectio

184 847 212 890 et
230 838 449 909 commentarius.)

136 907 202 969 Alb.
226 911 333 988 Georg.
357 912 477 972 Walch
499 932 593 990 progr.
619 912 819 991 psychologiae
841 914 1040 972 Ciceronianae
1053 915 1162 992 specim.
1190 911 1306 971 Schlen-

181 996 254 1072 sing.
277 991 369 1059 1776.
399 991 428 1055 4.
480 1003 557 1070 (cer.
575 1003 689 1057 Hieron.
715 1003 755 1055 de
777 1004 872 1055 Bono
895 1003 927 1054 de
945 1003 1046 1054 medice
1059 1005 1197 1070 facultate
1217 1003 1245 1053 in
1265 1001 1304 1056 Μ.

187 1078 217 1128 T.
242 1077 366 1130 Cicerone
382 1087 515 1147 comperta
531 1080 557 1131 in
573 1077 670 1133 Nuova
689 1079 804 1132 raccolta
823 1079 965 1149 d'oposcoli
982 1079 1092 1132 scientis.
1115 1080 1164 1132 lll.
1187 1080 1257 1146 129)

136 1149 205 1207 Sim.
229 1149 299 1208 Paul
330 1150 497 1210 Hilscher
522 1171 631 1230 progrr.
665 1153 702 1210 de
733 1153 866 1210 methodo
889 1153 1029 1211 Ciceronis
1051 1154 1147 1211 tuendi
1170 1152 1304 1212 valetudi-

180 1253 255 1296 nem.
300 1230 531 1296 10117344.
575 1242 740 1311 (Praecepta
754 1241 902 1294 diaetetica
916 1260 951 1294 ex
966 1242 998 1296 C.
1015 1243 1093 1310 opp.)

134 1317 183 1378 Jo.
205 1319 342 1378 Hadrian.
364 1320 516 1397 Slevogt
540 1322 608 1385 diss.
633 1323 670 1380 de
699 1321 737 1384 M.
759 1321 845 1380 Tullii
871 1322 1012 1380 Ciceronis
1038 1322 1143 1380 vomitu
1170 1345 1302 1400 ακρατου

179 1411 280 1482 polae.
323 1405 411 1464 Jenae
436 1400 528 1465 1710.
550 1401 579 1464 4.
624 1411 678 1478 (Λᾶ
692 1411 783 1480 Epist.
795 1411 830 1463 ad
844 1411 925 1467 famil.
942 1411 1017 1466 XIV.
1034 1409 1072 1476 7.)

133 1487 208 1548 Jean
231 1490 365 1548 Goulin
387 1491 452 1548 diss.
480 1492 551 1549 dans
572 1491 691 1566 laquelle
713 1512 749 1550 on
773 1490 903 1570 euplique
925 1511 961 1550 nn
983 1510 1103 1569 passage
1125 1492 1161 1548 cle
1183 1490 1304 1550 Ciceron

178 1575 274 1634 relatis
291 1577 308 1632 a
328 1575 357 1632 la
378 1576 521 1635 medecina
543 1582 572 1634 et
593 1578 663 1634 dans
685 1576 806 1652 laquelle
827 1596 865 1635 on
888 1578 1035 1635 demontre
1055 1595 1110 1651 qne
1121 1574 1208 1653 Lyso,
1232 1577 1304 1634 dont

176 1659 257 1737 parlc
277 1666 322 1718 cet
342 1667 442 1718 auteur
466 1680 501 1718 ne
523 1662 566 1719 sut
585 1662 666 1738 point
691 1663 832 1733 medecin,
856 1663 920 1720 bien
941 1681 997 1737 qne
1018 1662 1150 1734 Bernier‚
1176 1659 1302 1734 Leclerc,

174 1744 251 1822 Eloy
283 1752 311 1804 et
341 1743 479 1804 Matthiae
503 1745 541 1803 lui
572 1747 646 1804 aient
679 1747 774 1805 donne
802 1753 875 1805 cette
900 1747 1013 1822 qualite.
1057 1745 1135 1804 Paris
1162 1740 1251 1806 1779.
1272 1741 1302 1804 4.

175 1826 233 1894 (aa
257 1825 342 1895 apra
361 1826 396 1878 aa
413 1826 492 1880 camir.
512 1825 583 1882 xvr.
602 1827 628 1883 4.
647 1827 663 1879 s
674 1831 685 1894 )

133 1896 197 1957 Von
221 1898 456 1974 Wahrsagnngen
485 1901 543 1957 und
565 1901 806 1977 Weissagnngen‚
845 1900 1050 1958 benrlrundend
1078 1901 1129 1957 das
1159 1897 1301 1972 seeliscbe,

174 1982 232 2042 hell
253 1985 312 2041 nnd
327 1984 529 2043 nmstiindliche
549 1984 798 2061 Sche-Vermiigen
820 1984 848 2043 in
871 1985 916 2043 die
936 1985 961 2043 F
963 2004 1038 2060 erne,
1062 1985 1104 2043 ins
1119 1985 1303 2059 Verborgene
1348 2037 1353 2043 .

176 2069 236 2126 und
265 2069 293 2126 in
316 2069 361 2128 die
388 2069 523 2132 anrunl't.
567 2070 621 2128 Ein
651 2068 768 2146 Anszng
792 2089 842 2127 ans
869 2069 992 2128 Cicero’s
1014 2071 1143 2129 Biichern
1165 2071 1234 2127 iiber
1256 2071 1302 2127 die

173 2151 348 2226 Divination‚
371 2154 422 2212 mit
444 2155 533 2213 einem
552 2154 691 2231 Anhange
713 2175 768 2213 von
782 2155 1017 2232 Wahrsagungen
1040 2174 1089 2212 ans
1114 2157 1167 2213 den
1184 2151 1204 2212 3
1219 2154 1302 2212 letzt·

173 2257 373 2315 vergangenen
400 2241 458 2298 und
479 2241 543 2300 dem
561 2240 686 2316 jetzigen
705 2240 919 2298 Jahrhnnderte.
963 2239 1103 2298 Sulzbach
1126 2235 1218 2302 1832.
1241 2233 1271 2297 8.

562 2406 625 2468 QQ.
677 2407 871 2461 Seneca·

127 2511 201 2573 Just.
223 2508 375 2589 Lipsius
396 2512 587 2589 physiologiae
609 2512 766 2571 Stoicorum
788 2512 848 2569 libri
870 2511 918 2569 111.
932 2509 967 2573 L.
992 2508 1065 2569 Ann.
1088 2512 1213 2570 Senecae
1226 2509 1299 2567 aliis-

171 2615 230 2672 que
251 2597 431 2675 scriptoribus
452 2597 628 2656 illustrandis.
672 2591 885 2660 Lovan.1604.
902 2592 947 2657 19.
965 2595 1113 2655 -Reeuc
1128 2599 1159 2653 in
1174 2594 1208 2653 L.
1220 2595 1297 2672 Opp.

174 2687 202 2738 el
221 2684 250 2738 in
271 2682 317 2743 Jo.
339 2683 424 2760 Bapt.
447 2684 612 2740 Bernard
632 2684 759 2740 seminar.
781 2683 868 2739 totins
886 2681 1079 2759 philosophiae
1093 2682 1205 2740 Stoicae
1226 2682 1256 2742 S.
1279 2681 1297 2742 1.

173 2761 267 2824 1005.
289 2766 310 2826 s.
355 2771 521 2840 (Exponitur
536 2773 690 2824 Stoicorum
704 2771 829 2824 doctrina
843 2771 877 2822 do
891 2773 987 2824 mundo
1003 2779 1031 2824 et
1045 2771 1173 2838 homine.)

128 2850 175 2913 Jo.
198 2849 257 2908 Jac.
283 2849 436 2909 Kirsten
461 2853 548 2930 (resp.
571 2850 659 2910 Andr.
683 2851 741 2916 Jac.
767 2852 882 2910 Kirsten
907 2857 935 2908 et
957 2852 1039 2916 Gust.
1055 2852 1153 2928 Georg
1170 2849 1298 2929 Zeltner)

173 2934 341 2994 cheneca
363 2938 487 3014 medico,
508 2938 539 2995 id
560 2945 604 2995 est
626 2939 662 2995 de
684 2938 849 3013 quibusdam
870 2936 1018 3012 utriusque
1039 2938 1163 2995 Senecae
1184 2942 1298 2992 senten-

172 3020 220 3077 tiis
242 3021 365 3078 medicis.
408 3019 510 3079 Altorf.
535 3017 627 3082 1738.
649 3015 695 3092 4.;
719 3021 752 3080 ll.
775 3023 811 3079 ib.
836 3015 930 3080 1743.
952 3017 998 3094 4,;
1021 3021 1068 3084 111,
1091 3022 1127 3083 ib.
1153 3014 1244 3079 1744.
1267 3019 1296 3079 4.

130 3104 177 3164 Jo.
191 3102 268 3166 Dan.
290 3105 448 3164 Schulze
469 3109 593 3166 Senecae
615 3107 824 3165 observationes
847 3107 1003 3164 denatura
1025 3107 1172 3178 infantum,
1195 3125 1297 3182 puero-

170 3209 233 3248 rum
256 3196 285 3248 et
305 3190 520 3254 adolescentum.
564 3191 672 3253 Lnben.
697 3185 789 3251 1808.
810 3187 839 3252 4.
884 3195 961 3261 (Cfr.
982 3213 1088 3265 qnoque
1111 3195 1207 3247 Pierre
1228 3195 1296 3247 Sne

80 3313 84 3318 .
172 3287 220 3323 ear
238 3273 360 3339 quelques
381 3289 460 3336 passo
483 3291 508 3325 es
527 3274 571 3325 des
589 3275 679 3325 lettres
705 3274 737 3325 de
750 3275 868 3340 Senecae
886 3272 910 3322 le
926 3273 1081 3340 philosophe
1096 3272 1203 3336 relatiss
1224 3272 1242 3322 ὰ
1263 3274 1296 3324 la

170 3340 303 3392 medecine
318 3339 345 3391 in
364 3339 441 3394 Mem.
460 3291 494 3394 de
507 3343 532 3395 la
550 3358 603 3396 soc.
623 3341 748 3393 medicale
767 3340 901 3404 d'emulat3
921 3344 1012 3393 Annae
1031 3341 1076 3393 Vl.
1094 3358 1120 3409 p.
1140 3339 1213 3402 403.)

130 3413 212 3472 Giov.
233 3411 308 3471 Mar.
336 3413 561 3473 Zecchinelli
592 3432 676 3490 sopra
700 3432 756 3471 nna
780 3412 905 3470 malattia
935 3414 963 3471 di
991 3414 1099 3470 Seneca
1125 3411 1145 3468 il
1171 3410 1295 3487 filomio,

169 3498 208 3556 da
230 3496 269 3555 lni
291 3497 422 3556 descritta
447 3508 522 3560 sotto
553 3498 573 3557 il
606 3517 688 3555 nome
714 3499 743 3556 di
775 3497 922 3573 suspirium
953 3497 1026 3555 nella
1047 3516 1099 3555 sna
1120 3496 1219 3554 lettera
1243 3492 1293 3560 54.

171 3581 289 3641 Padnva
314 3576 404 3646 1817.
425 3579 456 3644 8.
500 3588 644 3658 (Anginam
658 3586 779 3658 pectoris
793 3586 900 3657 fuisse.)

494 3732 552 3786 RR.
614 3733 767 3786 Plinius
793 3733 919 3800 major.

130 3833 194 3894 bnt.
216 3834 302 3900 Lanr.
327 3833 519 3916 Appollinaire
545 3837 616 3898 Fe'e
648 3838 730 3916 eloge
765 3839 802 3897 de
833 3838 913 3897 Pline
943 3836 969 3894 le
1001 3836 1171 3900 naturaliste.
1216 3835 1294 3895 Paris

169 3915 263 3983 1821.
286 3918 326 3994 8.,
348 3924 385 3986 ib.
411 3919 501 3985 18'27.
523 3919 554 3986 8.

129 4003 216 4067 Nicol.
232 4004 460 4067 Leonicenns
474 4009 554 4067 Plinii
565 4027 598 4066 ac
608 4008 727 4087 plurium
739 4007 856 4064 aliornm
871 4010 1026 4079 anctorum,
1049 4006 1096 4081 qni
1116 4006 1153 4064 de
1164 4005 1294 4081 simplici-

168 4093 221 4150 bus
232 4092 459 4153 medicaminibus
469 4095 650 4171 scripserunt,
667 4111 774 4150 errores
792 4092 890 4150 notati.
917 4089 1025 4148 Ferrar.
1042 4091 1122 4168 impr.
1142 4110 1192 4168 per
1206 4090 1291 4148 Lanr.

168 4177 205 4234 de
232 4175 363 4235 Valentia
384 4186 414 4238 et
438 4178 579 4238 Andream
611 4180 647 4235 de
674 4176 851 4234 Castronovo
873 4176 964 4234 socios
989 4171 1035 4234 18.
1055 4175 1122 4234 Dec.
1146 4170 1237 4233 1492.
1262 4169 1291 4232 4.

166 4292 215 4306 -
238 4258 304 4319 Cam
328 4262 479 4342 defossione
503 4271 597 4322 eontra
620 4261 740 4325 Hermol.
762 4260 882 4324 Barbas.
905 4267 930 4318 et
953 4280 1010 4318 mm
1031 4260 1144 4338 epistola
1157 4259 1195 4316 ari
1210 4257 1290 4321 Hier.

166 4342 345 4405 Meneclium.
369 4348 478 4410 Ferrar.
495 4345 588 4410 1509.
612 4342 643 4411 4.
669 4380 713 4392 —-
736 4343 801 4406 Cam
825 4346 889 4404 aliis
911 4343 1071 4404 Leolaiceni:
1092 4343 1176 4402 Basil.
1200 4337 1290 4402 1529.

165 4424 207 4505 4o
229 4430 267 4498 ib·
292 4427 382 4498 1532·
404 4435 425 4498 f·
479 4447 673 4516 (Leonicenns,
695 4445 732 4499 ita
749 4444 835 4497 dictus
853 4444 886 4496 ab
904 4460 965 4498 arco
982 4443 1084 4512 Lonigo
1102 4457 1126 4497 s.
1140 4439 1290 4509 baccinum,
1403 4429 1405 4432 ’
