2874 4974
397 293 517 354 Alkindi.
540 325 582 339 —
605 293 766 354 Vincentius
790 292 1004 354 Bellovacensis.
1257 291 1299 357 63

411 448 474 503 nb.
526 449 779 503 Amatores
804 447 1015 519 singull.

549 549 604 606 ΑΑ,
659 548 882 601 Atlrr'rrdr'.

128 654 176 713 Jo.
201 652 322 713 Godofr.
344 652 587 714 Lalremacher
617 655 653 713 de
678 634 791 713 Alkindi
817 654 942 712 Arabum
972 654 1202 735 philosophorum
1228 658 1299 717 cele-

173 739 303 798 berrimo.
346 739 483 803 Helmest.
528 734 619 801 1719.
637 738 666 797 4.

572 869 627 922 BB.
693 870 859 923 Mesae.

130 977 209 1036 Guil.
232 975 423 1035 Puteanus
455 976 581 1035 defensio
609 976 654 1035 Jo.
686 975 802 1035 Mesuae
827 976 925 1034 medici
954 978 1089 1037 adversus
1114 978 1160 1044 Jo.
1184 979 1300 1041 Menar-

174 1064 253 1139 dum,
281 1061 392 1124 Leonlr.
417 1061 568 1121 Fuchsium
594 1068 622 1120 et
643 1061 720 1119 alios.
763 1060 858 1136 Lugd.
883 1057 973 1121 1537.
1001 1057 1030 1121 8.

131 1144 236 1223 Angel.
258 1145 365 1206 Palea
386 1147 415 1207 in
436 1147 634 1205 antidotarium
649 1146 747 1205 Mesua
765 1165 828 1203 cnm
849 1147 1036 1206 declaratione
1057 1148 1219 1228 simplicium
1241 1170 1300 1208 me-

176 1233 329 1291 dicinarum
354 1238 408 1292 etc.
429 1251 510 1310 opus.
553 1229 620 1291 Ace.
646 1229 814 1290 Bartholom.
842 1232 876 1288 ab
912 1231 983 1290 Urbe
1006 1236 1091 1292 ueteri
1116 1253 1188 1314 opus
1213 1236 1300 1294 simile

173 1317 205 1375 in
225 1318 424 1376 antidotarium
445 1318 565 1376 Mesues.
608 1317 709 1379 Veuet.
732 1311 823 1375 1543.
849 1316 868 1373 s.

131 1401 209 1459 Cels.
231 1401 383 1461 Crassus
406 1408 544 1461 annotatt
566 1402 595 1460 in
617 1403 660 1460 Jo.
674 1401 791 1460 Mesnen
803 1402 840 1459 de
850 1399 1027 1479 simplicibus.
1054 1401 1154 1464 Venet.
1167 1394 1298 1470 15888
1366 1402 1368 1405 ’

130 1485 180 1547 Jo.
204 1486 268 1550 Gfr.
290 1489 331 1545 de
360 1487 465 1546 Hahu
491 1489 527 1546 de
554 1487 626 1545 veris
653 1487 752 1546 Mesua
778 1486 888 1563 scriptis
909 1506 966 1545 non
990 1487 1142 1564 deperditis
1168 1490 1220 1548 sed
1247 1491 1300 1549 sub

174 1570 240 1631 Jaui
259 1571 426 1632 Damasceni
445 1572 558 1632 nomine
579 1573 760 1632 conservatis.
803 1570 914 1629 Vratisl
937 1565 1028 1632 1733.
1049 1568 1081 1634 4.

525 1702 581 1761 CO.
640 1704 904 1759 Aoicerrrru.

130 1811 178 1870 Jo.
202 1810 259 1871 Th.
279 1808 470 1870 Minadons
493 1811 582 1868 oratio
603 1829 656 1888 pro
678 1808 830 1869 Avicenua.
874 1809 973 1876 Patav.
996 1803 1089 1869 1598.
1113 1806 1163 1871 4.

131 1897 199 1955 Car.
225 1895 336 1954 Patin
358 1895 447 1953 oratio
474 1895 511 1954 de
534 1893 686 1953 Avicenna.
729 1895 827 1957 Patav.
851 1889 941 1952 1678.
968 1890 998 1953 4.

131 1981 207 2041 Gen.
228 1981 307 2047 Hier.
333 1979 475 2040 Welscb
502 1981 663 2039 exercitatio
690 1980 727 2039 de
751 1998 822 2039 vena
851 1979 1007 2038 Medinensi
1035 1979 1072 2037 ad
1093 1987 1214 2040 mentem
1235 1981 1300 2040 Ebu

175 2067 272 2139 Sinae,
296 2067 354 2124 sire
380 2066 418 2124 de
438 2065 612 2123 dracunculis
629 2070 763 2128 veterum.
807 2063 881 2141 Aug.
903 2065 987 2123 Vind.
1010 2059 1102 2123 1674.
1124 2062 1153 2123 4.
1198 2072 1302 2140 (Docta

175 2148 224 2202 sed
240 2148 376 2201 admodum
394 2146 489 2200 diffusa
508 2145 662 2215 lucubratio,
681 2147 815 2200 continens
826 2147 977 2200 Avicennae
989 2162 1046 2201 ceu.
1055 2146 1104 2211 IV,
1121 2148 1167 2200 ten
1176 2146 1203 2215 3,
1221 2155 1299 2208 tract.

175 2217 203 2284 2,
222 2232 281 2287 cap.
300 2216 344 2281 21,
361 2215 396 2268 22
413 2217 487 2270 arab.
505 2214 552 2272 lat.
571 2235 595 2271 c.
612 2219 756 2283 comment.)

129 2289 177 2348 Jo.
195 2289 270 2348 Dan.
289 2289 452 2364 Metzger
473 2309 569 2366 progr.
589 2298 662 2348 cont.
674 2291 814 2347 anecdota
824 2289 853 2345 in
865 2286 942 2345 Avic.
970 2287 1151 2362 Regiomont.
1165 2284 1256 2350 1788.
1267 2287 1298 2353 4.

131 2373 213 2433 Alex.
235 2374 373 2434 Schaul
398 2374 629 2452 sphygmologiae
647 2371 807 2431 Avicennae
829 2379 1005 2450 conspectus,
1028 2373 1094 2435 diss.
1109 2375 1202 2450 inaug.
1228 2375 1301 2434 Vra-

176 2459 267 2518 nslav.
291 2454 388 2518 1828.
407 2454 436 2522 8.
481 2461 985 2532 (consuetutudinem.
1002 2462 1079 2516 1829.
1095 2463 1148 2515 uo.
1166 2463 1223 2531 13.)

130 2544 178 2603 Jo.
203 2544 295 2603 Hadr.
318 2543 473 2620 Slevogt
493 2544 564 2622 prol.
587 2563 643 2620 qua
664 2544 821 2602 ostenditur
841 2561 941 2602 nucem
954 2540 1228 2604 methelAvicenuae
1241 2563 1302 2606 esse

175 2629 314 2690 Daturum
333 2630 541 2691 modernorum.
585 2630 646 2688 Jeu.
669 2624 761 2689 1695.
782 2623 812 2687 4.

499 2759 560 2816 nn.
613 2759 930 2829 Araorrarss.

133 2867 190 2926 Tb.
212 2865 317 2924 Eunt
339 2885 436 2944 progr.
462 2885 500 2924 on
520 2867 569 2926 the
589 2867 669 2925 work
691 2867 726 2924 of
743 2863 909 2924 tbdollatif.
954 2865 1066 2924 Oxtord
1088 2860 1179 2926 1746.
1201 2862 1231 2925 4.

132 2952 201 3011 Ant.
227 2951 307 3009 Isaac
331 2951 465 3010 Silvestre
497 2952 540 3010 de
569 2952 661 3028 Sacy
684 2953 779 3011 notice
800 2953 837 3010 de
863 2951 1008 3026 l'ouvrage
1028 2951 1138 3012 intitnle
1160 2952 1301 3013 Abdolla·

175 3036 247 3114 tiphi
269 3035 400 3094 historiae
420 3033 545 3114 Aegypti
570 3038 773 3115 compendium.
826 3036 904 3094 Paris
928 3031 1018 3095 1803.
1041 3031 1069 3095 8.

132 3117 328 3199 Abdollatipbi
357 3123 415 3179 vita
448 3128 520 3180 auct.
560 3121 613 3180 lbn
649 3119 705 3180 Abi
741 3122 846 3180 Oseiba
874 3140 891 3179 e
922 3122 1006 3179 codd.
1038 3140 1103 3184 mss.
1139 3121 1301 3182 Bodleianis

176 3206 324 3285 descripsit
345 3213 374 3265 et
394 3206 442 3265 lat.
464 3211 534 3265 vert.
555 3206 601 3270 Jo.
626 3205 799 3285 Mousley.
844 3206 939 3266 Oxou.
963 3200 1053 3269 1808.
1075 3201 1105 3270 4.

342 3374 387 3444 2.
433 3366 756 3444 occidentales
776 3387 809 3441 s.
831 3371 1098 3443 Montanae.

543 3505 606 3548 aa.
654 3491 894 3547 Generatim.

132 3598 167 3656 C.
189 3595 224 3655 F.
247 3595 282 3659 V.
305 3595 342 3660 G.
364 3595 537 3655 Prunelle
566 3599 602 3656 de
630 3597 786 3655 l’iuflueuce
813 3595 928 3653 exercde
955 3613 1007 3671 par
1034 3593 1061 3650 la
1081 3593 1229 3653 lllddecine
1253 3615 1302 3654 sur

173 3681 202 3739 la
223 3682 397 3740 renaissance
411 3683 462 3739 des
476 3681 599 3758 Lettres,
621 3684 746 3740 discours
760 3681 905 3759 pronouce
919 3679 946 3737 le
964 3674 1014 3737 20.
1029 3676 1190 3739 Novembre
1209 3674 1302 3739 1809.·

173 3766 357 3845 Montpellier
379 3761 470 3825 1809.
501 3762 531 3825 4.
576 3770 768 3838 (Eruditionis
789 3770 896 3840 plenum
919 3785 986 3839 opus
1007 3769 1042 3821 ad
1062 3769 1220 3822 medicinam
1233 3769 1302 3822 Ara-

175 3848 237 3900 bum
255 3858 283 3900 et
299 3846 376 3900 medii
394 3848 454 3900 aevi
471 3847 623 3918 praesertim
641 3848 757 3915 faciens;
777 3849 824 3900 cir.
840 3845 961 3916 Gdttiug.
971 3845 1090 3916 gelehrte
1098 3846 1210 3916 Anzeig.
1224 3845 1301 3902 1811.

175 3934 203 3974 n.
222 3915 265 3973 75.
283 3933 347 3987 pag.
364 3915 414 3973 737
431 3921 487 3987 sq.)

484 4055 548 4112 bb.
582 4057 776 4111 ductores
792 4055 955 4128 anguli.

578 4175 608 4210 α.
643 4164 718 4211 Nem
734 4161 862 4210 medici.

360 4261 421 4330 ΔΑ.Ι
495 4260 725 4314 Vincentius
763 4259 1068 4312 Bellooucerrsr's.

131 4365 159 4426 J.
181 4365 410 4514 chhElc-Jplarp
434 4367 471 4426 de
502 4366 642 4429 Vincentii
672 4365 878 4425 Bellovacensis
903 4363 1018 4444 speculo
1049 4359 1178 4424 naturali.
1221 4358 1302 4420 Eise·

175 4472 194 4511 n
352 4492 363 4512 .
409 4493 417 4509 .
