2874 4974
579 291 720 350 Medicina
742 291 868 368 antiqua.

177 405 281 520 tracta,
315 445 354 504 ad
374 447 514 522 quendam
542 444 642 504 Galeni
665 445 758 502 Iocum
782 463 800 502 a
825 442 933 518 magnis
955 442 1054 501 enticis
1081 442 1186 501 frustra
1206 444 1302 501 tenta«

176 539 236 590 tnm
263 532 455 590 illustrandum
484 538 513 591 ct
538 531 743 588 vindicandum.
798 528 891 586 Viteb.
914 522 1006 587 1763.
1029 522 1059 589 4.
1085 560 1128 572 -
1160 525 1303 584 Rediens

177 618 228 680 Tr.
254 617 374 694 Opuscc.
397 616 459 680 Vol.
481 617 502 674 I.
531 611 622 678 1766.
644 637 671 692 p.
688 609 870 673 544—555.
898 618 975 684 (Gal.
988 634 1079 669 comm.
1092 617 1115 669 I.
1126 615 1155 667 in
1165 616 1301 685 Hippocr.

177 698 194 754 l.
213 698 395 763 denticulis,
422 698 462 752 ed.
481 697 574 762 thn‚
608 704 669 749 tom.
693 695 795 750 XVIII.
814 713 840 764 p.
857 693 925 748 362:
961 691 1027 748 ὅσοι
1044 690 1093 747 διὰ
1114 690 1197 760 λιμὸν
1214 686 1232 762 ἢ
1251 687 1301 745 διὰ

177 767 341 836 πολιορκίαν
362 787 386 823 n.
404 787 427 824 s.
446 768 487 831 l.,·
504 784 556 821 non
573 783 631 820 esse
648 765 784 835 legendum
804 763 999 833 noluooylow.)

507 937 575 994 ΜΜ.
631 937 914 991 Oribass‘ns.

135 1045 200 1108 Chr.
223 1045 344 1103 Godofr.
370 1044 511 1102 Gruner
532 1064 629 1123 progr.
658 1043 731 1103 inest
753 1043 873 1101 Oribasii
894 1041 1096 1101 medicInalium
1121 1040 1300 1100 collectorum

177 1130 246 1189 liber
269 1129 292 1191 l.
315 1138 344 1188 et
364 1130 398 1192 ll.
421 1136 450 1187 et
481 1130 670 1206 fragmentum
697 1129 774 1187 aliud
798 1147 814 1186 e
842 1128 938 1187 codice
958 1127 1123 1204 Musquensl
1142 1146 1218 1185 nunc
1244 1125 1301 1204 pri·

176 1235 252 1273 mum
273 1234 315 1290 gr.
339 1215 436 1273 ellat.
481 1208 714 1275 Jen.178‘.>.4.
759 1218 884 1286 (Progrr.
901 1218 953 1270 duo
972 1236 1006 1270 ex
1022 1216 1234 1283 eodencodice,
1255 1212 1301 1284 qui

176 1295 282 1350 editioni
300 1295 496 1350 Matthiaeaaue
512 1295 651 1361 inserviit.)

561 1466 626 1522 NN.
679 1468 865 1522 Actias.

133 1573 178 1632 Jo.
202 1572 269 1632 Era.
295 1573 541 1632 Hebonstrelt
563 1577 706 1632 tentamen
724 1572 996 1652 philologico-med.
1022 1572 1121 1630 sistens
1142 1568 1217 1630 Aetli
1237 1569 1299 1629 libri

90 1708 95 1718 .
176 1657 225 1723 IX.
248 1659 356 1733 aliquot
377 1658 477 1734 capita.
520 1658 600 1737 Lips.
623 1653 714 1718 1757.
739 1654 768 1716 4.

79 1801 82 1806 ,
134 1776 178 1786 -
199 1775 242 1786 -
263 1740 336 1801 Aetli
358 1739 486 1800 Amideni
509 1737 681 1806 α’νεκὸότων
704 1743 750 1801 lib.
773 1742 823 1804 IX.
849 1760 911 1819 cap.
939 1740 1082 1816 XXVIII,
1106 1739 1240 1798 exhibens
1255 1744 1298 1798 te-

175 1827 281 1885 nuioris
306 1827 429 1884 intestini
450 1829 589 1904 morbum,
611 1847 694 1904 quem
715 1827 793 1886 lleon
815 1832 843 1886 et
865 1827 1061 1905 Chordapsum
1083 1825 1189 1885 dicunt.
1232 1824 1299 1885 Una

176 1931 239 1969 cum
271 1917 395 1969 veterum
421 1931 505 1988 super
534 1914 587 1972 hac
613 1913 806 1989 aegrotatione
831 1913 984 1972 sententiis.
1038 1909 1118 1989 Lips.
1146 1903 1241 1970 1757.
1267 1904 1298 1973 4.

178 1991 348 2060 (Fragmenta
365 2010 398 2045 ex
416 1994 485 2046 Astii
504 1993 570 2048 libro
589 1993 636 2048 IX.
656 2012 751 2062 graece
768 1993 880 2046 nondum
898 1993 989 2059 edito.)

134 2065 201 2125 Car.
223 2066 365 2141 Weigel
380 2066 730 2147 (resp.Leop.Relnhold)
756 2065 937 2124 Aetianarum
959 2065 1186 2124 exercitationum
1208 2063 1297 2142 speci-

175 2170 247 2208 men.
277 2149 357 2228 Lips.
381 2145 472 2211 1791.
498 2148 534 2232 4.Ι
573 2157 714 2225 (Weigelii
729 2172 806 2226 opus,
823 2157 870 2226 qui
883 2154 992 2209 Aetium
1007 2155 1090 2207 edere
1105 2155 1177 2225 apud
1192 2171 1297 2206 secon-

176 2231 306 2296 stituerat‚
327 2230 417 2285 codice
435 2233 549 2301 pretioso
568 2233 602 2286 ad
620 2235 646 2286 id
664 2234 828 2299 instructus.)
1184 2264 1186 2269 ·

72 2361 75 2365 ,
131 2305 178 2366 Jo.
200 2305 297 2380 Itlagn.
320 2324 337 2363 a
361 2304 576 2380 Teagstriim
597 2305 701 2385 (praes.
723 2306 809 2363 Gabr.
835 2298 1010 2387 Boasdorff)
1033 2302 1298 2362 commentationum

174 2390 202 2448 in
234 2389 307 2448 Aetli
334 2389 431 2448 medIci
455 2386 601 2454 ἀνέκδοτα
631 2411 706 2469 spec.
732 2390 754 2448 l.
783 2393 882 2448 sistens
910 2389 971 2447 libri
997 2390 1045 2451 IX.
1079 2407 1140 2467 cap.
1155 2384 1207 2450 41.
1228 2387 1298 2470 περὶ

174 2468 347 2549 ἅσκαρίὸων
371 2469 429 2556 (gr.
452 2476 525 2554 lat).
568 2476 667 2535 Aboac
688 2469 781 2538 1817.
807 2471 836 2533 4.

132 2559 223 2637 Chph.
253 2560 427 2618 Oroscius
463 2565 521 2642 (de
542 2555 698 2643 Horozeo)
736 2561 934 2619 annotationes
968 2560 996 2617 in
1020 2559 1187 2637 iuterpretes
1215 2554 1296 2617 Aetii.

173 2644 258 2704 Basil.
283 2638 374 2706 1540.
397 2639 427 2707 4.

373 2754 379 2767 ι
497 2792 559 2848 00.
594 2795 745 2848 Alexander
766 2795 929 2849 Trallianus.

132 2897 229 2977 (Edw.
255 2896 441 2975 Milward)
463 2899 622 2958 Trallianus
646 2902 815 2960 reviviscens
837 2920 870 2958 or
893 2919 930 2958 an
951 2904 1072 2957 account
1094 2899 1128 2955 of
1138 2897 1295 2963 Trallianus

174 3002 228 3040 oue
251 2983 285 3041 of
301 2984 349 3042 the
374 2985 459 3059 greelr
479 2985 585 3044 writers
607 2987 670 3044 who
696 2987 830 3045 florished
845 2987 917 3044 atter
939 2984 1073 3061 Galenus,
1097 2983 1224 3061 shewing
1236 2985 1297 3045 that

173 3067 254 3126 these
276 3068 391 3127 authors
413 3088 461 3128 are
485 3071 528 3128 Iar
549 3072 621 3127 from
648 3073 795 3148 deserving
817 3072 865 3129 the
886 3071 1056 3150 imputation
1077 3069 1110 3127 of
1121 3088 1197 3129 mere
1220 3090 1296 3130 com-

171 3153 298 3232 pilators.
340 3152 465 3214 London
487 3150 579 3217 1734.
602 3152 633 3217 8.

532 3338 586 3392 ΡΡ.
624 3339 724 3392 Paulus
741 3339 884 3410 Aegineta.

130 3445 219 3506 Henr.
246 3442 440 3521 Eggellng
464 3445 536 3524 disp.
567 3465 623 3523 qua
646 3451 751 3522 quanta
771 3464 805 3505 er
826 3444 945 3504 lectione
964 3442 1045 3502 Pauli
1065 3441 1166 3520 Aegia.
1194 3445 1297 3504 utilitas

174 3529 314 3603 speranda
339 3531 374 3586 sit
399 3531 564 3592 declaratur.
609 3530 740 3592 Francos.
764 3533 801 3590 ad
819 3530 915 3592 Viadr.
940 3524 1032 3588 1541.
1057 3522 1087 3590 8.

131 3610 246 3670 Rudolf.
272 3609 423 3686 Angustia.
456 3614 574 3691 Vogel
607 3616 643 3673 de
668 3616 746 3674 Pauli
770 3613 926 3692 Aeginetae
954 3614 1056 3672 meritis
1078 3613 1106 3669 ln
1130 3613 1298 3673 medicinam

173 3696 362 3772 imprimisque
384 3699 549 3774 chirurgiam
563 3700 686 3777 prolusio
711 3701 733 3762 I.
757 3707 785 3758 et
810 3701 845 3759 II.
889 3699 1019 3776 Gotting.
1042 3691 1134 3758 1768.
1157 3692 1249 3757 1769.
1267 3695 1296 3757 4.

133 3780 197 3843 Car.
213 3780 278 3841 Glo.
300 3781 402 3840 Kiihn
424 3804 518 3861 progr.
542 3786 578 3842 de
592 3786 788 3844 additamentis
806 3786 983 3862 quibasdam,
1009 3802 1082 3860 quae
1099 3783 1128 3840 in
1144 3783 1208 3846 cod.
1224 3790 1297 3842 msto

174 3865 252 3923 Pauli
277 3864 432 3942 Aeginetae
456 3888 473 3926 a
494 3870 637 3945 Scaligero
660 3878 768 3949 reperta
794 3872 921 3944 suerunt,
944 3890 1012 3928 nam
1033 3869 1071 3925 arl
1092 3866 1174 3941 hujus
1195 3868 1297 3926 medici

175 3952 325 4009 secandam
347 3954 507 4028 editionem,
533 3956 569 4013 ab
588 3961 702 4015 auctore
722 3957 784 4034 ipso
803 3959 915 4031 factam,
937 3954 1064 4012 concludi
1085 3952 1184 4031 possit,
1210 3971 1299 4029 quae-

175 4035 250 4095 rilnr.
295 4035 372 4114 Llps
396 4033 488 4098 1828.
513 4037 543 4102 4.
588 4046 719 4115 (Scripta
739 4052 817 4098 erant
836 4064 853 4099 a
874 4044 1015 4112 Scaligero
1029 4043 1064 4096 ad
1079 4041 1226 4111 marginem
1241 4043 1298 4096 edi-

176 4117 254 4170 tionis
272 4116 390 4183 AldInae‚
408 4129 491 4174 sumta
509 4139 525 4174 e
543 4121 600 4178 cod.
619 4130 700 4189 msto;
719 4123 861 4194 exemplum
879 4122 942 4176 illud
960 4122 1000 4174 ed.
1025 4119 1085 4175 Ald.
1102 4124 1256 4173 asservatur
1272 4119 1298 4172 in

177 4185 240 4242 bibl.
256 4185 426 4258 Ilavnlensi.)

132 4255 176 4323 Jo.
199 4258 269 4321 Ern.
291 4259 533 4321 Hebenstreit
557 4259 627 4341 περὶ
652 4256 891 4345 ἆναφωνήσεως,
917 4265 954 4322 de
975 4260 1196 4334 declamatione,
1225 4260 1298 4320 anti-

174 4361 247 4420 quae
282 4346 475 4422 gymnasticae
493 4351 592 4426 parte‚
627 4348 664 4406 ad
692 4347 772 4408 Pauli
795 4349 951 4429 Aeginetae
980 4346 999 4411 l.
1022 4341 1050 4406 1.
1073 4366 1096 4409 c.
1121 4339 1173 4407 19.
1198 4364 1297 4425 progr.

173 4425 252 4507 Lips.
277 4425 400 4512 (1753.)
427 4423 457 4491 4.
