<?xml version="1.0" encoding="UTF-8"?>
<!DOCTYPE html PUBLIC "-//W3C//DTD XHTML 1.0 Transitional//EN"
    "http://www.w3.org/TR/xhtml1/DTD/xhtml1-transitional.dtd">
<html xmlns="http://www.w3.org/1999/xhtml" xml:lang="en" lang="en">
 <head>
  <title>
</title>
<meta http-equiv="Content-Type" content="text/html;charset=utf-8" />
  <meta name='ocr-system' content='tesseract 3.04.00' />
  <meta name='ocr-capabilities' content='ocr_page ocr_carea ocr_par ocr_line ocrx_word'/>
</head>
<body>
  <div class='ocr_page' id='page_1' title='image "./bibliothecamedi00chougoog_0057.png"; bbox 0 0 2874 4974; ppageno 0'>
   <div class='ocr_carea' id='block_1_1' title="bbox 128 252 851 331">
    <p class='ocr_par' dir='ltr' id='par_1_1' title="bbox 128 252 851 331">
     <span class='ocr_line' id='line_1_1' title="bbox 128 252 851 331; baseline -0.01 -12"><span class='ocrx_word' id='word_1_1' title='bbox 128 255 172 319; x_wconf 79' lang='grc'><strong>40</strong></span> <span class='ocrx_word' id='word_1_2' title='bbox 566 254 706 314; x_wconf 78' lang='lat' dir='ltr'>Medicina</span> <span class='ocrx_word' id='word_1_3' title='bbox 726 252 851 331; x_wconf 86' lang='lat' dir='ltr'><strong>antiqua.</strong></span> 
     </span>
    </p>
   </div>
   <div class='ocr_carea' id='block_1_2' title="bbox 473 436 950 495">
    <p class='ocr_par' dir='ltr' id='par_1_2' title="bbox 473 436 950 495">
     <span class='ocr_line' id='line_1_2' title="bbox 473 436 950 495; baseline 0 -2"><span class='ocrx_word' id='word_1_4' title='bbox 473 436 537 495; x_wconf 89' lang='lat' dir='ltr'><strong>NN.</strong></span> <span class='ocrx_word' id='word_1_5' title='bbox 584 441 740 495; x_wconf 75' lang='lat' dir='ltr'><strong>Ocellare</strong></span> <span class='ocrx_word' id='word_1_6' title='bbox 766 439 950 494; x_wconf 70' lang='lat' dir='ltr'><strong>because.</strong></span> 
     </span>
    </p>
   </div>
   <div class='ocr_carea' id='block_1_3' title="bbox 130 543 1299 625">
    <p class='ocr_par' dir='ltr' id='par_1_3' title="bbox 130 543 1299 625">
     <span class='ocr_line' id='line_1_3' title="bbox 130 543 1299 625; baseline -0.005 -17"><span class='ocrx_word' id='word_1_7' title='bbox 130 546 206 625; x_wconf 80' lang='lat' dir='ltr'><strong>Aug.</strong></span> <span class='ocrx_word' id='word_1_8' title='bbox 228 545 306 610; x_wconf 80' lang='lat' dir='ltr'><strong>Prid.</strong></span> <span class='ocrx_word' id='word_1_9' title='bbox 329 544 403 605; x_wconf 91' lang='lat' dir='ltr'><strong>Guil.</strong></span> <span class='ocrx_word' id='word_1_10' title='bbox 424 544 599 624; x_wconf 89' lang='lat' dir='ltr'><strong>Rudolph</strong></span> <span class='ocrx_word' id='word_1_11' title='bbox 626 546 692 610; x_wconf 78' lang='lat' dir='ltr'><strong>diss,</strong></span> <span class='ocrx_word' id='word_1_12' title='bbox 718 545 755 604; x_wconf 88' lang='lat' dir='ltr'><strong>de</strong></span> <span class='ocrx_word' id='word_1_13' title='bbox 775 545 944 623; x_wconf 82' lang='lat' dir='ltr'><strong>antiquitate</strong></span> <span class='ocrx_word' id='word_1_14' title='bbox 969 550 998 602; x_wconf 87' lang='lat' dir='ltr'><strong>et</strong></span> <span class='ocrx_word' id='word_1_15' title='bbox 1021 547 1137 603; x_wconf 88' lang='lat' dir='ltr'><strong>auctore</strong></span> <span class='ocrx_word' id='word_1_16' title='bbox 1153 543 1239 604; x_wconf 80' lang='lat' dir='ltr'>libelli</span> <span class='ocrx_word' id='word_1_17' title='bbox 1261 546 1299 602; x_wconf 88' lang='lat' dir='ltr'><strong>de</strong></span> 
     </span>
    </p>
   </div>
   <div class='ocr_carea' id='block_1_4' title="bbox 175 622 1299 784">
    <p class='ocr_par' dir='ltr' id='par_1_4' title="bbox 175 622 1299 784">
     <span class='ocr_line' id='line_1_4' title="bbox 175 622 1298 708; baseline -0.006 -16"><span class='ocrx_word' id='word_1_18' title='bbox 175 651 267 692; x_wconf 88' lang='lat' dir='ltr'><strong>rernm</strong></span> <span class='ocrx_word' id='word_1_19' title='bbox 279 637 396 705; x_wconf 87' lang='lat' dir='ltr'><strong>natura,</strong></span> <span class='ocrx_word' id='word_1_20' title='bbox 424 631 523 689; x_wconf 90' lang='lat' dir='ltr'><strong>Ooello</strong></span> <span class='ocrx_word' id='word_1_21' title='bbox 544 628 660 689; x_wconf 90' lang='lat' dir='ltr'><strong>Lucano</strong></span> <span class='ocrx_word' id='word_1_22' title='bbox 682 630 822 708; x_wconf 85' lang='lat' dir='ltr'><strong>adscripti.</strong></span> <span class='ocrx_word' id='word_1_23' title='bbox 866 629 959 691; x_wconf 90' lang='lat' dir='ltr'><strong>Viteb.</strong></span> <span class='ocrx_word' id='word_1_24' title='bbox 981 622 1073 688; x_wconf 93' lang='grc'><strong>1794.</strong></span> <span class='ocrx_word' id='word_1_25' title='bbox 1093 624 1124 686; x_wconf 89' lang='grc'><strong>4.</strong></span> <span class='ocrx_word' id='word_1_26' title='bbox 1169 633 1298 701; x_wconf 77' lang='lat' dir='ltr'><strong>(Auctor,</strong></span> 
     </span>
     <span class='ocr_line' id='line_1_5' title="bbox 175 708 1299 784; baseline -0.002 -17"><span class='ocrx_word' id='word_1_27' title='bbox 175 711 304 784; x_wconf 77' lang='lat' dir='ltr'><strong>gymnasii</strong></span> <span class='ocrx_word' id='word_1_28' title='bbox 316 709 484 767; x_wconf 84' lang='lat' dir='ltr'><strong>Zittavieusis</strong></span> <span class='ocrx_word' id='word_1_29' title='bbox 500 717 597 778; x_wconf 88' lang='lat' dir='ltr'><strong>rector,</strong></span> <span class='ocrx_word' id='word_1_30' title='bbox 615 710 701 765; x_wconf 89' lang='lat' dir='ltr'><strong>Ocelli</strong></span> <span class='ocrx_word' id='word_1_31' title='bbox 718 712 855 766; x_wconf 71' lang='lat' dir='ltr'><strong>editionem</strong></span> <span class='ocrx_word' id='word_1_32' title='bbox 873 727 962 780; x_wconf 78' lang='lat' dir='ltr'><strong>graec.</strong></span> <span class='ocrx_word' id='word_1_33' title='bbox 985 727 1075 766; x_wconf 81' lang='lat' dir='ltr'><strong>cumr.</strong></span> <span class='ocrx_word' id='word_1_34' title='bbox 1092 708 1165 781; x_wconf 82' lang='lat' dir='ltr'><strong>Lips.</strong></span> <span class='ocrx_word' id='word_1_35' title='bbox 1175 708 1253 767; x_wconf 81' lang='lat'><strong>1801.</strong></span> <span class='ocrx_word' id='word_1_36' title='bbox 1261 709 1299 779; x_wconf 90' lang='grc'><strong>8.)</strong></span> 
     </span>
    </p>
   </div>
   <div class='ocr_carea' id='block_1_5' title="bbox 482 863 950 1055">
    <p class='ocr_par' dir='ltr' id='par_1_5' title="bbox 482 863 950 1055">
     <span class='ocr_line' id='line_1_6' title="bbox 619 863 813 933; baseline 0.01 -15"><span class='ocrx_word' id='word_1_37' title='bbox 619 863 649 933; x_wconf 82' lang='grc' dir='ltr'><strong>β.</strong></span> <span class='ocrx_word' id='word_1_38' title='bbox 683 868 813 920; x_wconf 59' lang='lat' dir='ltr'><strong>Medio&amp;</strong></span> 
     </span>
     <span class='ocr_line' id='line_1_7' title="bbox 482 985 950 1055; baseline 0.006 -18"><span class='ocrx_word' id='word_1_39' title='bbox 482 985 540 1039; x_wconf 78' lang='grc' dir='ltr'><strong>ΑΛ.</strong></span> <span class='ocrx_word' id='word_1_40' title='bbox 593 985 950 1055; x_wconf 78' lang='lat' dir='ltr'><strong>Hippocrates.</strong></span> 
     </span>
    </p>
   </div>
   <div class='ocr_carea' id='block_1_6' title="bbox 133 1104 1301 1765">
    <p class='ocr_par' dir='ltr' id='par_1_6' title="bbox 133 1104 1298 1266">
     <span class='ocr_line' id='line_1_8' title="bbox 133 1104 1298 1186; baseline -0.007 -14"><span class='ocrx_word' id='word_1_41' title='bbox 133 1111 229 1172; x_wconf 84' lang='lat' dir='ltr'><strong>Herm.</strong></span> <span class='ocrx_word' id='word_1_42' title='bbox 250 1106 464 1170; x_wconf 86' lang='lat' dir='ltr'><strong>Boerhaave</strong></span> <span class='ocrx_word' id='word_1_43' title='bbox 489 1107 527 1167; x_wconf 89' lang='lat' dir='ltr'><strong>de</strong></span> <span class='ocrx_word' id='word_1_44' title='bbox 555 1108 778 1167; x_wconf 87' lang='lat' dir='ltr'><strong>commendando</strong></span> <span class='ocrx_word' id='word_1_45' title='bbox 806 1105 903 1166; x_wconf 88' lang='lat' dir='ltr'><strong>studio</strong></span> <span class='ocrx_word' id='word_1_46' title='bbox 935 1105 1148 1186; x_wconf 88' lang='lat' dir='ltr'><strong>Hippocratico.</strong></span> <span class='ocrx_word' id='word_1_47' title='bbox 1203 1104 1298 1184; x_wconf 82' lang='lat' dir='ltr'><strong>Lugd.</strong></span> 
     </span>
     <span class='ocr_line' id='line_1_9' title="bbox 175 1186 649 1266; baseline -0.006 -12"><span class='ocrx_word' id='word_1_48' title='bbox 175 1196 240 1254; x_wconf 89' lang='lat' dir='ltr'><strong>Bat.</strong></span> <span class='ocrx_word' id='word_1_49' title='bbox 263 1188 354 1253; x_wconf 88' lang='grc'><strong>1701.</strong></span> <span class='ocrx_word' id='word_1_50' title='bbox 381 1187 421 1266; x_wconf 88' lang='grc'><strong>4.,</strong></span> <span class='ocrx_word' id='word_1_51' title='bbox 443 1193 481 1251; x_wconf 89' lang='lat' dir='ltr'><strong>ib.</strong></span> <span class='ocrx_word' id='word_1_52' title='bbox 506 1186 597 1257; x_wconf 72' lang='lat'><strong>1721.</strong></span> <span class='ocrx_word' id='word_1_53' title='bbox 620 1189 649 1252; x_wconf 89' lang='grc'><strong>4.</strong></span> 
     </span>
    </p>

    <p class='ocr_par' dir='ltr' id='par_1_7' title="bbox 134 1276 1300 1427">
     <span class='ocr_line' id='line_1_10' title="bbox 134 1276 1300 1357; baseline -0.003 -17"><span class='ocrx_word' id='word_1_54' title='bbox 134 1282 203 1340; x_wconf 89' lang='lat' dir='ltr'><strong>Eru.</strong></span> <span class='ocrx_word' id='word_1_55' title='bbox 226 1279 348 1338; x_wconf 82' lang='lat' dir='ltr'><strong>Godor‘r.</strong></span> <span class='ocrx_word' id='word_1_56' title='bbox 368 1278 576 1354; x_wconf 84' lang='lat' dir='ltr'><strong>Baldinger</strong></span> <span class='ocrx_word' id='word_1_57' title='bbox 599 1278 777 1338; x_wconf 87' lang='lat' dir='ltr'><strong>delectione</strong></span> <span class='ocrx_word' id='word_1_58' title='bbox 798 1276 978 1357; x_wconf 77' lang='lat' dir='ltr'><strong>Hippocratis</strong></span> <span class='ocrx_word' id='word_1_59' title='bbox 1003 1277 1117 1335; x_wconf 87' lang='lat' dir='ltr'><strong>medicis</strong></span> <span class='ocrx_word' id='word_1_60' title='bbox 1142 1276 1224 1335; x_wconf 86' lang='lat' dir='ltr'><strong>valde</strong></span> <span class='ocrx_word' id='word_1_61' title='bbox 1249 1295 1300 1336; x_wconf 87' lang='lat' dir='ltr'><strong>ne-</strong></span> 
     </span>
     <span class='ocr_line' id='line_1_11' title="bbox 177 1356 576 1427; baseline -0.01 -3"><span class='ocrx_word' id='word_1_62' title='bbox 177 1364 303 1427; x_wconf 84' lang='lat' dir='ltr'><strong>cessaria.</strong></span> <span class='ocrx_word' id='word_1_63' title='bbox 345 1361 407 1421; x_wconf 86' lang='lat' dir='ltr'><strong>Jen.</strong></span> <span class='ocrx_word' id='word_1_64' title='bbox 431 1356 522 1422; x_wconf 86' lang='grc'><strong>1768.</strong></span> <span class='ocrx_word' id='word_1_65' title='bbox 546 1359 576 1422; x_wconf 91' lang='grc'><strong>8.</strong></span> 
     </span>
    </p>

    <p class='ocr_par' dir='ltr' id='par_1_8' title="bbox 135 1445 1301 1679">
     <span class='ocr_line' id='line_1_12' title="bbox 135 1445 1300 1527; baseline -0.007 -17"><span class='ocrx_word' id='word_1_66' title='bbox 135 1450 206 1510; x_wconf 87' lang='lat' dir='ltr'><strong>Cnrt</strong></span> <span class='ocrx_word' id='word_1_67' title='bbox 230 1448 410 1527; x_wconf 83' lang='lat' dir='ltr'><strong>Sprengel</strong></span> <span class='ocrx_word' id='word_1_68' title='bbox 434 1445 575 1525; x_wconf 83' lang='lat' dir='ltr'><strong>Apologia</strong></span> <span class='ocrx_word' id='word_1_69' title='bbox 607 1448 657 1506; x_wconf 92' lang='lat' dir='ltr'><strong>des</strong></span> <span class='ocrx_word' id='word_1_70' title='bbox 691 1446 881 1525; x_wconf 86' lang='lat' dir='ltr'><strong>Hippohrates</strong></span> <span class='ocrx_word' id='word_1_71' title='bbox 910 1446 968 1503; x_wconf 91' lang='lat' dir='ltr'><strong>und</strong></span> <span class='ocrx_word' id='word_1_72' title='bbox 996 1445 1087 1503; x_wconf 88' lang='lat' dir='ltr'><strong>seiner</strong></span> <span class='ocrx_word' id='word_1_73' title='bbox 1111 1445 1300 1505; x_wconf 73' lang='lat' dir='ltr'><strong>Grundsitze.</strong></span> 
     </span>
     <span class='ocr_line' id='line_1_13' title="bbox 177 1527 1301 1613; baseline -0.005 -19"><span class='ocrx_word' id='word_1_74' title='bbox 177 1534 275 1613; x_wconf 82' lang='lat' dir='ltr'><strong>Leipz.</strong></span> <span class='ocrx_word' id='word_1_75' title='bbox 301 1528 401 1601; x_wconf 84' lang='grc'><strong>1789,</strong></span> <span class='ocrx_word' id='word_1_76' title='bbox 425 1527 517 1591; x_wconf 61' lang='grc'><strong>1799.</strong></span> <span class='ocrx_word' id='word_1_77' title='bbox 540 1529 569 1592; x_wconf 89' lang='grc'><strong>8.</strong></span> <span class='ocrx_word' id='word_1_78' title='bbox 614 1536 799 1607; x_wconf 80' lang='lat' dir='ltr'><strong>(Aphorismi,</strong></span> <span class='ocrx_word' id='word_1_79' title='bbox 826 1535 917 1588; x_wconf 85' lang='lat' dir='ltr'><strong>diaeta</strong></span> <span class='ocrx_word' id='word_1_80' title='bbox 934 1535 964 1587; x_wconf 91' lang='lat' dir='ltr'><strong>in</strong></span> <span class='ocrx_word' id='word_1_81' title='bbox 983 1535 1071 1588; x_wconf 87' lang='lat' dir='ltr'><strong>acutis</strong></span> <span class='ocrx_word' id='word_1_82' title='bbox 1090 1535 1125 1588; x_wconf 84' lang='lat' dir='ltr'><strong>al.</strong></span> <span class='ocrx_word' id='word_1_83' title='bbox 1148 1535 1301 1605; x_wconf 80' lang='lat' dir='ltr'><strong>germanice</strong></span> 
     </span>
     <span class='ocr_line' id='line_1_14' title="bbox 178 1612 460 1679; baseline -0.021 -9"><span class='ocrx_word' id='word_1_84' title='bbox 178 1633 236 1670; x_wconf 87' lang='lat' dir='ltr'><strong>cum</strong></span> <span class='ocrx_word' id='word_1_85' title='bbox 253 1612 460 1679; x_wconf 82' lang='lat' dir='ltr'><strong>commentario.)</strong></span> 
     </span>
    </p>

    <p class='ocr_par' dir='ltr' id='par_1_9' title="bbox 134 1683 1301 1765">
     <span class='ocr_line' id='line_1_15' title="bbox 134 1683 1301 1765; baseline 0 -17"><span class='ocrx_word' id='word_1_86' title='bbox 134 1689 190 1748; x_wconf 87' lang='lat' dir='ltr'><strong>Jan</strong></span> <span class='ocrx_word' id='word_1_87' title='bbox 215 1687 477 1746; x_wconf 88' lang='lat' dir='ltr'><strong>Commandeur</strong></span> <span class='ocrx_word' id='word_1_88' title='bbox 509 1685 617 1763; x_wconf 90' lang='lat' dir='ltr'><strong>(praes.</strong></span> <span class='ocrx_word' id='word_1_89' title='bbox 649 1685 735 1763; x_wconf 88' lang='lat' dir='ltr'><strong>Casp.</strong></span> <span class='ocrx_word' id='word_1_90' title='bbox 765 1685 836 1744; x_wconf 87' lang='lat' dir='ltr'><strong>Gco.</strong></span> <span class='ocrx_word' id='word_1_91' title='bbox 867 1684 932 1743; x_wconf 86' lang='lat' dir='ltr'>Chr.</span> <span class='ocrx_word' id='word_1_92' title='bbox 961 1683 1145 1761; x_wconf 86' lang='lat' dir='ltr'><strong>Reinwardt)</strong></span> <span class='ocrx_word' id='word_1_93' title='bbox 1187 1686 1301 1765; x_wconf 83' lang='lat' dir='ltr'><strong>specim.</strong></span> 
     </span>
    </p>
   </div>
   <div class='ocr_carea' id='block_1_7' title="bbox 135 1769 1304 2019">
    <p class='ocr_par' dir='ltr' id='par_1_10' title="bbox 135 1769 1304 2019">
     <span class='ocr_line' id='line_1_16' title="bbox 176 1769 1303 1849; baseline -0.002 -17"><span class='ocrx_word' id='word_1_94' title='bbox 176 1770 342 1848; x_wconf 81' lang='lat' dir='ltr'><strong>inaugurale</strong></span> <span class='ocrx_word' id='word_1_95' title='bbox 366 1771 403 1829; x_wconf 92' lang='lat' dir='ltr'><strong>de</strong></span> <span class='ocrx_word' id='word_1_96' title='bbox 424 1769 610 1848; x_wconf 78' lang='lat' dir='ltr'><strong>Hippocrate,</strong></span> <span class='ocrx_word' id='word_1_97' title='bbox 632 1790 715 1830; x_wconf 89' lang='lat' dir='ltr'><strong>verae</strong></span> <span class='ocrx_word' id='word_1_98' title='bbox 735 1771 890 1829; x_wconf 81' lang='lat' dir='ltr'><strong>medicinae</strong></span> <span class='ocrx_word' id='word_1_99' title='bbox 910 1770 1107 1845; x_wconf 84' lang='lat' dir='ltr'><strong>instauratore,</strong></span> <span class='ocrx_word' id='word_1_100' title='bbox 1128 1771 1235 1849; x_wconf 84' lang='lat' dir='ltr'><strong>optimo</strong></span> <span class='ocrx_word' id='word_1_101' title='bbox 1252 1791 1303 1832; x_wconf 89' lang='lat' dir='ltr'><strong>na-</strong></span> 
     </span>
     <span class='ocr_line' id='line_1_17' title="bbox 177 1849 1088 1931; baseline -0.004 -15"><span class='ocrx_word' id='word_1_102' title='bbox 177 1863 257 1916; x_wconf 89' lang='lat' dir='ltr'><strong>turae</strong></span> <span class='ocrx_word' id='word_1_103' title='bbox 282 1855 472 1927; x_wconf 79' lang='lat' dir='ltr'><strong>observatore,</strong></span> <span class='ocrx_word' id='word_1_104' title='bbox 495 1856 548 1913; x_wconf 89' lang='lat' dir='ltr'><strong>rite</strong></span> <span class='ocrx_word' id='word_1_105' title='bbox 568 1856 698 1919; x_wconf 89' lang='lat' dir='ltr'><strong>colendo.</strong></span> <span class='ocrx_word' id='word_1_106' title='bbox 740 1853 835 1931; x_wconf 89' lang='lat' dir='ltr'><strong>Lugd.</strong></span> <span class='ocrx_word' id='word_1_107' title='bbox 857 1856 922 1913; x_wconf 93' lang='lat' dir='ltr'><strong>Bat.</strong></span> <span class='ocrx_word' id='word_1_108' title='bbox 945 1849 1038 1917; x_wconf 74' lang='lat'><strong>1832.</strong></span> <span class='ocrx_word' id='word_1_109' title='bbox 1059 1849 1088 1912; x_wconf 93' lang='grc'><strong>8.</strong></span> 
     </span>
     <span class='ocr_line' id='line_1_18' title="bbox 135 1938 1304 2019; baseline -0.002 -19"><span class='ocrx_word' id='word_1_110' title='bbox 135 1941 243 2019; x_wconf 82' lang='lat' dir='ltr'><strong>Georg.</strong></span> <span class='ocrx_word' id='word_1_111' title='bbox 263 1938 375 1998; x_wconf 80' lang='lat' dir='ltr'><strong>Lodov.</strong></span> <span class='ocrx_word' id='word_1_112' title='bbox 399 1939 563 1998; x_wconf 89' lang='lat' dir='ltr'><strong>Goldner</strong></span> <span class='ocrx_word' id='word_1_113' title='bbox 588 1942 624 1998; x_wconf 91' lang='lat' dir='ltr'><strong>de</strong></span> <span class='ocrx_word' id='word_1_114' title='bbox 650 1940 805 1999; x_wconf 84' lang='lat' dir='ltr'><strong>medicinae</strong></span> <span class='ocrx_word' id='word_1_115' title='bbox 835 1940 942 2015; x_wconf 86' lang='lat' dir='ltr'><strong>origine</strong></span> <span class='ocrx_word' id='word_1_116' title='bbox 972 1945 1001 1997; x_wconf 91' lang='lat' dir='ltr'><strong>et</strong></span> <span class='ocrx_word' id='word_1_117' title='bbox 1026 1939 1197 1998; x_wconf 91' lang='lat' dir='ltr'><strong>medicorum</strong></span> <span class='ocrx_word' id='word_1_118' title='bbox 1225 1940 1304 2019; x_wconf 88' lang='lat' dir='ltr'><strong>prin·</strong></span> 
     </span>
    </p>
   </div>
   <div class='ocr_carea' id='block_1_8' title="bbox 177 2020 1304 2171">
    <p class='ocr_par' dir='ltr' id='par_1_11' title="bbox 177 2020 1304 2171">
     <span class='ocr_line' id='line_1_19' title="bbox 177 2020 1304 2104; baseline 0 -20"><span class='ocrx_word' id='word_1_119' title='bbox 177 2027 238 2104; x_wconf 82' lang='lat' dir='ltr'><strong>cipe</strong></span> <span class='ocrx_word' id='word_1_120' title='bbox 258 2025 441 2103; x_wconf 83' lang='lat' dir='ltr'><strong>Hippocrate.</strong></span> <span class='ocrx_word' id='word_1_121' title='bbox 486 2024 580 2084; x_wconf 87' lang='lat' dir='ltr'><strong>Gerae</strong></span> <span class='ocrx_word' id='word_1_122' title='bbox 594 2020 687 2086; x_wconf 72' lang='lat'><strong>1721.</strong></span> <span class='ocrx_word' id='word_1_123' title='bbox 702 2026 723 2084; x_wconf 85' lang='lat' dir='ltr'><strong>f.</strong></span> <span class='ocrx_word' id='word_1_124' title='bbox 767 2029 965 2098; x_wconf 84' lang='lat' dir='ltr'><strong>(Scholasticus</strong></span> <span class='ocrx_word' id='word_1_125' title='bbox 979 2029 1057 2082; x_wconf 86' lang='lat' dir='ltr'><strong>homo</strong></span> <span class='ocrx_word' id='word_1_126' title='bbox 1074 2036 1103 2081; x_wconf 89' lang='lat' dir='ltr'><strong>et</strong></span> <span class='ocrx_word' id='word_1_127' title='bbox 1117 2028 1304 2100; x_wconf 79' lang='lat' dir='ltr'><strong>ludimagister</strong></span> 
     </span>
     <span class='ocr_line' id='line_1_20' title="bbox 181 2105 537 2171; baseline -0.008 -12"><span class='ocrx_word' id='word_1_128' title='bbox 181 2108 311 2171; x_wconf 80' lang='lat' dir='ltr'><strong>Gerenos,</strong></span> <span class='ocrx_word' id='word_1_129' title='bbox 329 2123 380 2159; x_wconf 91' lang='lat' dir='ltr'><strong>non</strong></span> <span class='ocrx_word' id='word_1_130' title='bbox 398 2105 537 2171; x_wconf 83' lang='lat' dir='ltr'><strong>medicus.)</strong></span> 
     </span>
    </p>
   </div>
   <div class='ocr_carea' id='block_1_9' title="bbox 134 2177 1305 2937">
    <p class='ocr_par' dir='ltr' id='par_1_12' title="bbox 136 2177 1304 2259">
     <span class='ocr_line' id='line_1_21' title="bbox 136 2177 1304 2259; baseline 0.002 -21"><span class='ocrx_word' id='word_1_131' title='bbox 136 2179 224 2239; x_wconf 76' lang='lat' dir='ltr'><strong>Cesar</strong></span> <span class='ocrx_word' id='word_1_132' title='bbox 247 2177 436 2254; x_wconf 85' lang='lat' dir='ltr'><strong>Legallois</strong></span> <span class='ocrx_word' id='word_1_133' title='bbox 463 2177 626 2237; x_wconf 86' lang='lat' dir='ltr'><strong>recherches</strong></span> <span class='ocrx_word' id='word_1_134' title='bbox 653 2177 889 2255; x_wconf 87' lang='lat' dir='ltr'><strong>chronologiques</strong></span> <span class='ocrx_word' id='word_1_135' title='bbox 919 2198 967 2238; x_wconf 92' lang='lat' dir='ltr'><strong>sur</strong></span> <span class='ocrx_word' id='word_1_136' title='bbox 999 2179 1182 2259; x_wconf 88' lang='lat' dir='ltr'><strong>Hippocrate.</strong></span> <span class='ocrx_word' id='word_1_137' title='bbox 1225 2178 1304 2240; x_wconf 91' lang='lat' dir='ltr'><strong>Paris</strong></span> 
     </span>
    </p>

    <p class='ocr_par' dir='ltr' id='par_1_13' title="bbox 134 2346 1304 2597">
     <span class='ocr_line' id='line_1_22' title="bbox 134 2346 1302 2429; baseline 0.002 -21"><span class='ocrx_word' id='word_1_138' title='bbox 134 2351 162 2410; x_wconf 88' lang='lat' dir='ltr'><strong>J.</strong></span> <span class='ocrx_word' id='word_1_139' title='bbox 183 2351 219 2411; x_wconf 95' lang='lat' dir='ltr'><strong>B.</strong></span> <span class='ocrx_word' id='word_1_140' title='bbox 245 2348 270 2407; x_wconf 88' lang='lat' dir='ltr'><strong>J.</strong></span> <span class='ocrx_word' id='word_1_141' title='bbox 295 2348 431 2409; x_wconf 91' lang='lat' dir='ltr'><strong>Boulet</strong></span> <span class='ocrx_word' id='word_1_142' title='bbox 458 2346 568 2429; x_wconf 91' lang='lat' dir='ltr'><strong>(praes.</strong></span> <span class='ocrx_word' id='word_1_143' title='bbox 590 2348 622 2408; x_wconf 87' lang='lat' dir='ltr'><strong>P.</strong></span> <span class='ocrx_word' id='word_1_144' title='bbox 648 2347 726 2428; x_wconf 88' lang='lat' dir='ltr'><strong>Sue)</strong></span> <span class='ocrx_word' id='word_1_145' title='bbox 754 2349 943 2408; x_wconf 85' lang='lat' dir='ltr'><strong>dubitationes</strong></span> <span class='ocrx_word' id='word_1_146' title='bbox 971 2349 1008 2408; x_wconf 93' lang='lat' dir='ltr'><strong>de</strong></span> <span class='ocrx_word' id='word_1_147' title='bbox 1028 2348 1210 2427; x_wconf 86' lang='lat' dir='ltr'><strong>Hippocratis</strong></span> <span class='ocrx_word' id='word_1_148' title='bbox 1235 2351 1302 2425; x_wconf 87' lang='lat' dir='ltr'><strong>vita,</strong></span> 
     </span>
     <span class='ocr_line' id='line_1_23' title="bbox 176 2434 1304 2515; baseline 0 -21"><span class='ocrx_word' id='word_1_149' title='bbox 176 2435 278 2515; x_wconf 86' lang='lat' dir='ltr'><strong>patria,</strong></span> <span class='ocrx_word' id='word_1_150' title='bbox 300 2434 478 2511; x_wconf 85' lang='lat' dir='ltr'><strong>genealogia,</strong></span> <span class='ocrx_word' id='word_1_151' title='bbox 503 2437 600 2494; x_wconf 85' lang='lat' dir='ltr'><strong>forsan</strong></span> <span class='ocrx_word' id='word_1_152' title='bbox 625 2434 829 2512; x_wconf 87' lang='lat' dir='ltr'><strong>mythologicis‚</strong></span> <span class='ocrx_word' id='word_1_153' title='bbox 854 2436 941 2493; x_wconf 89' lang='lat' dir='ltr'><strong>etde</strong></span> <span class='ocrx_word' id='word_1_154' title='bbox 966 2435 1132 2510; x_wconf 90' lang='lat' dir='ltr'><strong>quibusdam</strong></span> <span class='ocrx_word' id='word_1_155' title='bbox 1152 2436 1213 2511; x_wconf 89' lang='lat' dir='ltr'><strong>ejus</strong></span> <span class='ocrx_word' id='word_1_156' title='bbox 1227 2435 1304 2495; x_wconf 87' lang='lat' dir='ltr'><strong>libris</strong></span> 
     </span>
     <span class='ocr_line' id='line_1_24' title="bbox 177 2517 1302 2597; baseline 0.002 -19"><span class='ocrx_word' id='word_1_157' title='bbox 177 2520 266 2578; x_wconf 88' lang='lat' dir='ltr'><strong>multo</strong></span> <span class='ocrx_word' id='word_1_158' title='bbox 288 2521 502 2595; x_wconf 86' lang='lat' dir='ltr'><strong>antiquioribus,</strong></span> <span class='ocrx_word' id='word_1_159' title='bbox 533 2539 616 2595; x_wconf 91' lang='lat' dir='ltr'><strong>quam</strong></span> <span class='ocrx_word' id='word_1_160' title='bbox 641 2520 727 2596; x_wconf 84' lang='lat' dir='ltr'><strong>vulgo</strong></span> <span class='ocrx_word' id='word_1_161' title='bbox 750 2521 878 2578; x_wconf 89' lang='lat' dir='ltr'><strong>creditur.</strong></span> <span class='ocrx_word' id='word_1_162' title='bbox 921 2518 999 2577; x_wconf 85' lang='lat' dir='ltr'><strong>Paris</strong></span> <span class='ocrx_word' id='word_1_163' title='bbox 1020 2540 1055 2577; x_wconf 93' lang='lat' dir='ltr'><strong>an</strong></span> <span class='ocrx_word' id='word_1_164' title='bbox 1065 2520 1118 2578; x_wconf 93' lang='lat' dir='ltr'><strong>Xll</strong></span> <span class='ocrx_word' id='word_1_165' title='bbox 1140 2517 1261 2597; x_wconf 85' lang='grc'><strong>(1804.)</strong></span> <span class='ocrx_word' id='word_1_166' title='bbox 1272 2517 1302 2580; x_wconf 90' lang='grc'><strong>4.</strong></span> 
     </span>
    </p>

    <p class='ocr_par' dir='ltr' id='par_1_14' title="bbox 135 2603 1304 2767">
     <span class='ocr_line' id='line_1_25' title="bbox 135 2603 1304 2684; baseline 0 -19"><span class='ocrx_word' id='word_1_167' title='bbox 135 2604 207 2665; x_wconf 84' lang='lat' dir='ltr'><strong>Geo.</strong></span> <span class='ocrx_word' id='word_1_168' title='bbox 229 2603 322 2669; x_wconf 87' lang='lat' dir='ltr'><strong>Nicol.</strong></span> <span class='ocrx_word' id='word_1_169' title='bbox 345 2604 491 2664; x_wconf 84' lang='lat' dir='ltr'><strong>Wiilfhe</strong></span> <span class='ocrx_word' id='word_1_170' title='bbox 523 2610 670 2662; x_wconf 85' lang='lat' dir='ltr'><strong>comment.</strong></span> <span class='ocrx_word' id='word_1_171' title='bbox 692 2606 802 2680; x_wconf 66' lang='lat' dir='ltr'><strong>inaug„</strong></span> <span class='ocrx_word' id='word_1_172' title='bbox 832 2604 924 2663; x_wconf 87' lang='lat' dir='ltr'><strong>brevis</strong></span> <span class='ocrx_word' id='word_1_173' title='bbox 949 2605 1105 2680; x_wconf 87' lang='lat' dir='ltr'><strong>disquisitio</strong></span> <span class='ocrx_word' id='word_1_174' title='bbox 1131 2608 1168 2664; x_wconf 88' lang='lat' dir='ltr'><strong>de</strong></span> <span class='ocrx_word' id='word_1_175' title='bbox 1187 2607 1304 2684; x_wconf 89' lang='lat' dir='ltr'><strong>Hippo·</strong></span> 
     </span>
     <span class='ocr_line' id='line_1_26' title="bbox 177 2684 1058 2767; baseline -0.002 -18"><span class='ocrx_word' id='word_1_176' title='bbox 177 2696 263 2764; x_wconf 88' lang='lat' dir='ltr'><strong>crate,</strong></span> <span class='ocrx_word' id='word_1_177' title='bbox 291 2689 545 2767; x_wconf 89' lang='lat' dir='ltr'><strong>Hippocrateisque</strong></span> <span class='ocrx_word' id='word_1_178' title='bbox 567 2689 750 2747; x_wconf 90' lang='lat' dir='ltr'><strong>monimentis.</strong></span> <span class='ocrx_word' id='word_1_179' title='bbox 793 2689 886 2747; x_wconf 91' lang='lat' dir='ltr'><strong>Kiliae</strong></span> <span class='ocrx_word' id='word_1_180' title='bbox 910 2684 1002 2748; x_wconf 77' lang='lat'><strong>1823.</strong></span> <span class='ocrx_word' id='word_1_181' title='bbox 1028 2685 1058 2748; x_wconf 90' lang='grc'><strong>4.</strong></span> 
     </span>
    </p>

    <p class='ocr_par' dir='ltr' id='par_1_15' title="bbox 134 2770 1305 2937">
     <span class='ocr_line' id='line_1_27' title="bbox 134 2770 1305 2853; baseline 0.002 -21"><span class='ocrx_word' id='word_1_182' title='bbox 134 2770 225 2850; x_wconf 89' lang='lat' dir='ltr'><strong>Leop.</strong></span> <span class='ocrx_word' id='word_1_183' title='bbox 248 2773 370 2833; x_wconf 89' lang='lat' dir='ltr'><strong>Woerl</strong></span> <span class='ocrx_word' id='word_1_184' title='bbox 391 2774 484 2850; x_wconf 84' lang='lat' dir='ltr'><strong>magni</strong></span> <span class='ocrx_word' id='word_1_185' title='bbox 505 2773 686 2850; x_wconf 88' lang='lat' dir='ltr'><strong>Hippocratis</strong></span> <span class='ocrx_word' id='word_1_186' title='bbox 712 2774 828 2832; x_wconf 89' lang='lat' dir='ltr'><strong>secundi</strong></span> <span class='ocrx_word' id='word_1_187' title='bbox 848 2775 905 2832; x_wconf 83' lang='lat' dir='ltr'><strong>vita</strong></span> <span class='ocrx_word' id='word_1_188' title='bbox 927 2779 955 2832; x_wconf 87' lang='lat' dir='ltr'><strong>et</strong></span> <span class='ocrx_word' id='word_1_189' title='bbox 969 2775 1080 2853; x_wconf 88' lang='lat' dir='ltr'><strong>scripta.</strong></span> <span class='ocrx_word' id='word_1_190' title='bbox 1103 2770 1224 2850; x_wconf 79' lang='lat' dir='ltr'><strong>Adjecta</strong></span> <span class='ocrx_word' id='word_1_191' title='bbox 1237 2780 1305 2835; x_wconf 88' lang='lat' dir='ltr'><strong>sunt</strong></span> 
     </span>
     <span class='ocr_line' id='line_1_28' title="bbox 177 2856 1304 2937; baseline 0.004 -21"><span class='ocrx_word' id='word_1_192' title='bbox 177 2858 216 2916; x_wconf 91' lang='grc' dir='ltr'><strong>Η.</strong></span> <span class='ocrx_word' id='word_1_193' title='bbox 228 2857 422 2933; x_wconf 86' lang='lat' dir='ltr'><strong>jusjurandum</strong></span> <span class='ocrx_word' id='word_1_194' title='bbox 445 2865 473 2916; x_wconf 89' lang='lat' dir='ltr'><strong>et</strong></span> <span class='ocrx_word' id='word_1_195' title='bbox 494 2856 723 2935; x_wconf 85' lang='lat' dir='ltr'><strong>Asclepiadarum</strong></span> <span class='ocrx_word' id='word_1_196' title='bbox 747 2866 897 2937; x_wconf 89' lang='lat' dir='ltr'><strong>praecepta</strong></span> <span class='ocrx_word' id='word_1_197' title='bbox 912 2860 948 2917; x_wconf 93' lang='lat' dir='ltr'><strong>de</strong></span> <span class='ocrx_word' id='word_1_198' title='bbox 963 2860 1082 2919; x_wconf 90' lang='lat' dir='ltr'><strong>sanitate</strong></span> <span class='ocrx_word' id='word_1_199' title='bbox 1103 2861 1304 2920; x_wconf 83' lang='lat' dir='ltr'><strong>conservanda.</strong></span> 
     </span>
    </p>
   </div>
   <div class='ocr_carea' id='block_1_10' title="bbox 136 2938 1305 3243">
    <p class='ocr_par' dir='ltr' id='par_1_16' title="bbox 136 2938 1305 3243">
     <span class='ocr_line' id='line_1_29' title="bbox 177 2938 1305 3025; baseline 0.003 -25"><span class='ocrx_word' id='word_1_200' title='bbox 177 2941 252 3003; x_wconf 80' lang='lat' dir='ltr'><strong>Dios.</strong></span> <span class='ocrx_word' id='word_1_201' title='bbox 275 2943 369 3018; x_wconf 82' lang='lat' dir='ltr'><strong>inaug.</strong></span> <span class='ocrx_word' id='word_1_202' title='bbox 406 2942 551 3019; x_wconf 85' lang='lat' dir='ltr'><strong>Freiburg.</strong></span> <span class='ocrx_word' id='word_1_203' title='bbox 576 2939 667 3004; x_wconf 83' lang='grc'><strong>1835.</strong></span> <span class='ocrx_word' id='word_1_204' title='bbox 690 2940 719 3001; x_wconf 86' lang='grc'><strong>8.</strong></span> <span class='ocrx_word' id='word_1_205' title='bbox 777 2949 873 3015; x_wconf 79' lang='lat' dir='ltr'><strong>(Quae</strong></span> <span class='ocrx_word' id='word_1_206' title='bbox 886 2949 930 3000; x_wconf 90' lang='lat' dir='ltr'><strong>hic</strong></span> <span class='ocrx_word' id='word_1_207' title='bbox 945 2938 1305 3025; x_wconf 82' lang='lat' dir='ltr'><strong>dicuqturAsclepiadarum</strong></span> 
     </span>
     <span class='ocr_line' id='line_1_30' title="bbox 179 3019 1304 3163; baseline 0.004 -19"><span class='ocrx_word' id='word_1_208' title='bbox 179 3025 504 3161; x_wconf 55' lang='grc'><strong>1111111110</strong></span> <span class='ocrx_word' id='word_1_209' title='bbox 516 3023 792 3148; x_wconf 42' lang='lat' dir='ltr'><strong>teribiliter*</strong></span> <span class='ocrx_word' id='word_1_210' title='bbox 809 3025 936 3161; x_wconf 50' lang='grc'><strong>’1111</strong></span> <span class='ocrx_word' id='word_1_211' title='bbox 951 3019 1062 3163; x_wconf 55' lang='lat' dir='ltr'><strong>ggqis</strong></span> <span class='ocrx_word' id='word_1_212' title='bbox 1078 3023 1304 3095; x_wconf 61' lang='lat' dir='ltr'><strong>occursum.</strong></span> 
     </span>
     <span class='ocr_line' id='line_1_31' title="bbox 136 3132 1304 3243; baseline 0.003 -21"><span class='ocrx_word' id='word_1_213' title='bbox 136 3163 175 3227; x_wconf 85' lang='lat' dir='ltr'><strong>lll.</strong></span> <span class='ocrx_word' id='word_1_214' title='bbox 198 3132 229 3227; x_wconf 53' lang='lat' dir='ltr'><strong>s:</strong></span> <span class='ocrx_word' id='word_1_215' title='bbox 251 3165 420 3223; x_wconf 91' lang='lat' dir='ltr'><strong>Hondart</strong></span> <span class='ocrx_word' id='word_1_216' title='bbox 442 3166 540 3224; x_wconf 75' lang='lat' dir='ltr'><strong>eludes</strong></span> <span class='ocrx_word' id='word_1_217' title='bbox 567 3166 734 3241; x_wconf 87' lang='lat' dir='ltr'><strong>historiques</strong></span> <span class='ocrx_word' id='word_1_218' title='bbox 757 3134 937 3243; x_wconf 56' lang='lat' dir='ltr'><strong>et&#39;criuq‘uei</strong></span> <span class='ocrx_word' id='word_1_219' title='bbox 958 3137 1006 3225; x_wconf 82' lang='lat' dir='ltr'><strong>sur</strong></span> <span class='ocrx_word' id='word_1_220' title='bbox 1030 3167 1057 3226; x_wconf 92' lang='lat' dir='ltr'><strong>la</strong></span> <span class='ocrx_word' id='word_1_221' title='bbox 1078 3168 1122 3226; x_wconf 91' lang='lat' dir='ltr'><strong>vie</strong></span> <span class='ocrx_word' id='word_1_222' title='bbox 1143 3180 1173 3226; x_wconf 91' lang='lat' dir='ltr'><strong>et</strong></span> <span class='ocrx_word' id='word_1_223' title='bbox 1196 3167 1225 3226; x_wconf 94' lang='lat' dir='ltr'><strong>la</strong></span> <span class='ocrx_word' id='word_1_224' title='bbox 1251 3169 1304 3226; x_wconf 91' lang='lat' dir='ltr'><strong>do-</strong></span> 
     </span>
    </p>
   </div>
   <div class='ocr_carea' id='block_1_11' title="bbox 179 3247 1305 3329">
    <p class='ocr_par' dir='ltr' id='par_1_17' title="bbox 179 3247 1305 3329">
     <span class='ocr_line' id='line_1_32' title="bbox 179 3247 1305 3329; baseline 0.004 -23"><span class='ocrx_word' id='word_1_225' title='bbox 179 3250 266 3309; x_wconf 89' lang='lat' dir='ltr'><strong>ctrine</strong></span> <span class='ocrx_word' id='word_1_226' title='bbox 292 3247 509 3329; x_wconf 88' lang='lat' dir='ltr'><strong>d’Hippocrate,</strong></span> <span class='ocrx_word' id='word_1_227' title='bbox 533 3257 562 3310; x_wconf 89' lang='lat' dir='ltr'><strong>et</strong></span> <span class='ocrx_word' id='word_1_228' title='bbox 584 3269 631 3309; x_wconf 90' lang='lat' dir='ltr'><strong>sur</strong></span> <span class='ocrx_word' id='word_1_229' title='bbox 652 3251 731 3309; x_wconf 88' lang='lat' dir='ltr'><strong>l’e‘tat</strong></span> <span class='ocrx_word' id='word_1_230' title='bbox 751 3252 788 3309; x_wconf 89' lang='lat' dir='ltr'><strong>de</strong></span> <span class='ocrx_word' id='word_1_231' title='bbox 812 3251 839 3309; x_wconf 93' lang='lat' dir='ltr'><strong>la</strong></span> <span class='ocrx_word' id='word_1_232' title='bbox 863 3252 1008 3311; x_wconf 74' lang='lat' dir='ltr'><strong>medecine</strong></span> <span class='ocrx_word' id='word_1_233' title='bbox 1028 3258 1113 3311; x_wconf 90' lang='lat' dir='ltr'><strong>avant</strong></span> <span class='ocrx_word' id='word_1_234' title='bbox 1135 3251 1181 3311; x_wconf 94' lang='lat' dir='ltr'><strong>lui.</strong></span> <span class='ocrx_word' id='word_1_235' title='bbox 1224 3252 1305 3311; x_wconf 88' lang='lat' dir='ltr'><strong>Paris</strong></span> 
     </span>
    </p>
   </div>
   <div class='ocr_carea' id='block_1_12' title="bbox 178 3330 1306 3480">
    <p class='ocr_par' dir='ltr' id='par_1_18' title="bbox 178 3330 1306 3480">
     <span class='ocr_line' id='line_1_33' title="bbox 179 3330 1306 3413; baseline 0.004 -21"><span class='ocrx_word' id='word_1_236' title='bbox 179 3330 271 3394; x_wconf 89' lang='grc'><strong>1836.</strong></span> <span class='ocrx_word' id='word_1_237' title='bbox 298 3330 327 3393; x_wconf 90' lang='grc'><strong>8.</strong></span> <span class='ocrx_word' id='word_1_238' title='bbox 362 3340 481 3406; x_wconf 87' lang='lat' dir='ltr'><strong>(Merita</strong></span> <span class='ocrx_word' id='word_1_239' title='bbox 494 3340 673 3411; x_wconf 86' lang='lat' dir='ltr'><strong>Hippocratis</strong></span> <span class='ocrx_word' id='word_1_240' title='bbox 689 3340 871 3410; x_wconf 80' lang='lat' dir='ltr'><strong>dijudicantur</strong></span> <span class='ocrx_word' id='word_1_241' title='bbox 886 3343 1030 3395; x_wconf 91' lang='lat' dir='ltr'><strong>secundum</strong></span> <span class='ocrx_word' id='word_1_242' title='bbox 1044 3341 1181 3413; x_wconf 87' lang='lat' dir='ltr'><strong>principia</strong></span> <span class='ocrx_word' id='word_1_243' title='bbox 1194 3343 1306 3397; x_wconf 83' lang='lat' dir='ltr'><strong>scholae</strong></span> 
     </span>
     <span class='ocr_line' id='line_1_34' title="bbox 178 3415 415 3480; baseline 0.008 -13"><span class='ocrx_word' id='word_1_244' title='bbox 178 3415 415 3480; x_wconf 71' lang='lat' dir='ltr'><strong>Broussaisianae.t</strong></span> 
     </span>
    </p>
   </div>
   <div class='ocr_carea' id='block_1_13' title="bbox 134 3485 1307 4163">
    <p class='ocr_par' dir='ltr' id='par_1_19' title="bbox 134 3485 1307 3738">
     <span class='ocr_line' id='line_1_35' title="bbox 134 3485 1307 3569; baseline 0.004 -23"><span class='ocrx_word' id='word_1_245' title='bbox 134 3485 204 3546; x_wconf 90' lang='lat' dir='ltr'><strong>Paul</strong></span> <span class='ocrx_word' id='word_1_246' title='bbox 225 3489 284 3550; x_wconf 86' lang='lat' dir='ltr'><strong>Jos.</strong></span> <span class='ocrx_word' id='word_1_247' title='bbox 309 3490 470 3550; x_wconf 90' lang='lat' dir='ltr'><strong>Barthez</strong></span> <span class='ocrx_word' id='word_1_248' title='bbox 493 3491 618 3550; x_wconf 88' lang='lat' dir='ltr'><strong>discours</strong></span> <span class='ocrx_word' id='word_1_249' title='bbox 644 3511 692 3549; x_wconf 93' lang='lat' dir='ltr'><strong>sur</strong></span> <span class='ocrx_word' id='word_1_250' title='bbox 712 3491 738 3549; x_wconf 90' lang='lat' dir='ltr'><strong>le</strong></span> <span class='ocrx_word' id='word_1_251' title='bbox 760 3491 842 3567; x_wconf 85' lang='lat' dir='ltr'><strong>ge&#39;nie</strong></span> <span class='ocrx_word' id='word_1_252' title='bbox 864 3489 1075 3569; x_wconf 90' lang='lat' dir='ltr'><strong>d’Hippocrate.</strong></span> <span class='ocrx_word' id='word_1_253' title='bbox 1124 3489 1307 3569; x_wconf 90' lang='lat' dir='ltr'><strong>Montpellier</strong></span> 
     </span>
     <span class='ocr_line' id='line_1_36' title="bbox 180 3568 1260 3653; baseline 0.006 -23"><span class='ocrx_word' id='word_1_254' title='bbox 180 3568 271 3632; x_wconf 87' lang='grc'><strong>1801.</strong></span> <span class='ocrx_word' id='word_1_255' title='bbox 293 3569 322 3636; x_wconf 90' lang='grc'><strong>8.</strong></span> <span class='ocrx_word' id='word_1_256' title='bbox 346 3607 388 3618; x_wconf 87' lang='lat'><strong>·-</strong></span> <span class='ocrx_word' id='word_1_257' title='bbox 413 3575 500 3633; x_wconf 83' lang='lat' dir='ltr'><strong>Redit</strong></span> <span class='ocrx_word' id='word_1_258' title='bbox 520 3580 550 3634; x_wconf 82' lang='lat' dir='ltr'><strong>iu</strong></span> <span class='ocrx_word' id='word_1_259' title='bbox 570 3578 691 3634; x_wconf 89' lang='lat' dir='ltr'><strong>Banmes</strong></span> <span class='ocrx_word' id='word_1_260' title='bbox 717 3576 800 3651; x_wconf 75' lang='lat' dir='ltr'><strong>eloge</strong></span> <span class='ocrx_word' id='word_1_261' title='bbox 821 3576 857 3633; x_wconf 90' lang='lat' dir='ltr'><strong>de</strong></span> <span class='ocrx_word' id='word_1_262' title='bbox 877 3577 1008 3635; x_wconf 87' lang='lat' dir='ltr'><strong>Barthez.</strong></span> <span class='ocrx_word' id='word_1_263' title='bbox 1035 3576 1145 3653; x_wconf 85' lang='lat' dir='ltr'><strong>Montp.</strong></span> <span class='ocrx_word' id='word_1_264' title='bbox 1169 3571 1260 3636; x_wconf 89' lang='grc'><strong>1806.</strong></span> 
     </span>
     <span class='ocr_line' id='line_1_37' title="bbox 136 3653 1307 3738; baseline 0.007 -25"><span class='ocrx_word' id='word_1_265' title='bbox 136 3655 170 3713; x_wconf 88' lang='lat' dir='ltr'><strong>C.</strong></span> <span class='ocrx_word' id='word_1_266' title='bbox 193 3655 411 3717; x_wconf 88' lang='lat' dir='ltr'><strong>Desalleurs</strong></span> <span class='ocrx_word' id='word_1_267' title='bbox 434 3661 473 3717; x_wconf 94' lang='lat' dir='ltr'><strong>du</strong></span> <span class='ocrx_word' id='word_1_268' title='bbox 499 3661 581 3734; x_wconf 79' lang='lat' dir='ltr'><strong>genie</strong></span> <span class='ocrx_word' id='word_1_269' title='bbox 604 3653 806 3738; x_wconf 88' lang='lat' dir='ltr'><strong>d’Hippocrate</strong></span> <span class='ocrx_word' id='word_1_270' title='bbox 831 3662 916 3720; x_wconf 89' lang='lat' dir='ltr'><strong>etde</strong></span> <span class='ocrx_word' id='word_1_271' title='bbox 937 3662 1146 3723; x_wconf 89' lang='lat' dir='ltr'><strong>soninfluence</strong></span> <span class='ocrx_word' id='word_1_272' title='bbox 1170 3680 1218 3720; x_wconf 89' lang='lat' dir='ltr'><strong>sur</strong></span> <span class='ocrx_word' id='word_1_273' title='bbox 1243 3659 1307 3721; x_wconf 89' lang='lat' dir='ltr'><strong>l’art</strong></span> 
     </span>
    </p>

    <p class='ocr_par' dir='ltr' id='par_1_20' title="bbox 180 3739 1156 3821">
     <span class='ocr_line' id='line_1_38' title="bbox 180 3739 1156 3821; baseline 0.005 -23"><span class='ocrx_word' id='word_1_274' title='bbox 180 3741 216 3799; x_wconf 84' lang='lat' dir='ltr'><strong>de</strong></span> <span class='ocrx_word' id='word_1_275' title='bbox 237 3743 340 3818; x_wconf 70' lang='lat' dir='ltr'><strong>guerit.</strong></span> <span class='ocrx_word' id='word_1_276' title='bbox 383 3744 462 3802; x_wconf 84' lang='lat' dir='ltr'><strong>Paris</strong></span> <span class='ocrx_word' id='word_1_277' title='bbox 488 3739 580 3805; x_wconf 72' lang='lat'><strong>1824.</strong></span> <span class='ocrx_word' id='word_1_278' title='bbox 606 3739 635 3806; x_wconf 83' lang='grc'><strong>8.</strong></span> <span class='ocrx_word' id='word_1_279' title='bbox 681 3749 887 3817; x_wconf 76' lang='lat' dir='ltr'><strong>(Commentario</strong></span> <span class='ocrx_word' id='word_1_280' title='bbox 902 3751 1022 3821; x_wconf 90' lang='lat' dir='ltr'><strong>praemio</strong></span> <span class='ocrx_word' id='word_1_281' title='bbox 1038 3751 1156 3817; x_wconf 84' lang='lat' dir='ltr'><strong>ornata.)</strong></span> 
     </span>
    </p>

    <p class='ocr_par' dir='ltr' id='par_1_21' title="bbox 137 3825 1307 4058">
     <span class='ocr_line' id='line_1_39' title="bbox 137 3825 1303 3910; baseline 0.006 -28"><span class='ocrx_word' id='word_1_282' title='bbox 137 3825 234 3884; x_wconf 88' lang='lat' dir='ltr'><strong>Simon</strong></span> <span class='ocrx_word' id='word_1_283' title='bbox 256 3826 373 3885; x_wconf 92' lang='lat' dir='ltr'><strong>Paulli</strong></span> <span class='ocrx_word' id='word_1_284' title='bbox 399 3830 505 3905; x_wconf 84' lang='lat' dir='ltr'><strong>oratio,</strong></span> <span class='ocrx_word' id='word_1_285' title='bbox 538 3849 586 3886; x_wconf 90' lang='lat' dir='ltr'><strong>cur</strong></span> <span class='ocrx_word' id='word_1_286' title='bbox 605 3829 676 3888; x_wconf 88' lang='lat' dir='ltr'><strong>sicut</strong></span> <span class='ocrx_word' id='word_1_287' title='bbox 700 3831 772 3887; x_wconf 90' lang='lat' dir='ltr'><strong>inter</strong></span> <span class='ocrx_word' id='word_1_288' title='bbox 793 3830 899 3908; x_wconf 89' lang='lat' dir='ltr'><strong>plastas</strong></span> <span class='ocrx_word' id='word_1_289' title='bbox 924 3831 1057 3907; x_wconf 84' lang='lat' dir='ltr'><strong>Phidias,</strong></span> <span class='ocrx_word' id='word_1_290' title='bbox 1089 3831 1161 3890; x_wconf 87' lang='lat' dir='ltr'><strong>inter</strong></span> <span class='ocrx_word' id='word_1_291' title='bbox 1181 3831 1303 3910; x_wconf 90' lang='lat' dir='ltr'><strong>pictores</strong></span> 
     </span>
     <span class='ocr_line' id='line_1_40' title="bbox 178 3908 1307 3993; baseline 0.006 -25"><span class='ocrx_word' id='word_1_292' title='bbox 178 3908 303 3989; x_wconf 82' lang='lat' dir='ltr'><strong>Apelles,</strong></span> <span class='ocrx_word' id='word_1_293' title='bbox 332 3913 371 3969; x_wconf 90' lang='lat' dir='ltr'><strong>ita</strong></span> <span class='ocrx_word' id='word_1_294' title='bbox 392 3915 463 3972; x_wconf 89' lang='lat' dir='ltr'><strong>inter</strong></span> <span class='ocrx_word' id='word_1_295' title='bbox 489 3916 612 3974; x_wconf 89' lang='lat' dir='ltr'><strong>medicos</strong></span> <span class='ocrx_word' id='word_1_296' title='bbox 633 3915 821 3993; x_wconf 88' lang='lat' dir='ltr'><strong>Hippocrates</strong></span> <span class='ocrx_word' id='word_1_297' title='bbox 848 3914 1015 3991; x_wconf 86' lang='lat' dir='ltr'><strong>celebretur,</strong></span> <span class='ocrx_word' id='word_1_298' title='bbox 1045 3935 1164 3975; x_wconf 84' lang='lat' dir='ltr'><strong>nemore</strong></span> <span class='ocrx_word' id='word_1_299' title='bbox 1183 3916 1237 3975; x_wconf 95' lang='lat' dir='ltr'><strong>hac</strong></span> <span class='ocrx_word' id='word_1_300' title='bbox 1257 3936 1307 3975; x_wconf 90' lang='lat' dir='ltr'><strong>ae-</strong></span> 
     </span>
     <span class='ocr_line' id='line_1_41' title="bbox 179 3994 844 4058; baseline 0.003 -4"><span class='ocrx_word' id='word_1_301' title='bbox 179 4001 239 4055; x_wconf 89' lang='lat' dir='ltr'><strong>tate</strong></span> <span class='ocrx_word' id='word_1_302' title='bbox 264 3997 357 4054; x_wconf 90' lang='lat' dir='ltr'><strong>similis</strong></span> <span class='ocrx_word' id='word_1_303' title='bbox 379 4000 404 4057; x_wconf 89' lang='lat' dir='ltr'><strong>ei</strong></span> <span class='ocrx_word' id='word_1_304' title='bbox 426 3999 549 4058; x_wconf 75' lang='lat' dir='ltr'><strong>cristati</strong></span> <span class='ocrx_word' id='word_1_305' title='bbox 592 3999 678 4058; x_wconf 87' lang='lat' dir='ltr'><strong>Hafn.</strong></span> <span class='ocrx_word' id='word_1_306' title='bbox 702 3994 792 4058; x_wconf 86' lang='grc'><strong>1644.</strong></span> <span class='ocrx_word' id='word_1_307' title='bbox 816 3994 844 4057; x_wconf 90' lang='grc'><strong>8.</strong></span> 
     </span>
    </p>

    <p class='ocr_par' dir='ltr' id='par_1_22' title="bbox 138 4080 1307 4163">
     <span class='ocr_line' id='line_1_42' title="bbox 138 4080 1307 4163; baseline 0.004 -25"><span class='ocrx_word' id='word_1_308' title='bbox 138 4080 217 4143; x_wconf 90' lang='lat' dir='ltr'><strong>Gius.</strong></span> <span class='ocrx_word' id='word_1_309' title='bbox 239 4081 472 4142; x_wconf 84' lang='lat' dir='ltr'><strong>Montesanto</strong></span> <span class='ocrx_word' id='word_1_310' title='bbox 492 4103 635 4161; x_wconf 85' lang='lat' dir='ltr'><strong>paragone</strong></span> <span class='ocrx_word' id='word_1_311' title='bbox 662 4083 838 4163; x_wconf 86' lang='lat' dir='ltr'><strong>d&#39;lppocrate</strong></span> <span class='ocrx_word' id='word_1_312' title='bbox 860 4105 912 4143; x_wconf 89' lang='lat' dir='ltr'><strong>con</strong></span> <span class='ocrx_word' id='word_1_313' title='bbox 933 4086 1058 4148; x_wconf 87' lang='lat' dir='ltr'><strong>Socrate.</strong></span> <span class='ocrx_word' id='word_1_314' title='bbox 1081 4085 1212 4144; x_wconf 89' lang='lat' dir='ltr'><strong>Discorso</strong></span> <span class='ocrx_word' id='word_1_315' title='bbox 1236 4085 1307 4143; x_wconf 89' lang='lat' dir='ltr'><strong>letto</strong></span> 
     </span>
    </p>
   </div>
   <div class='ocr_carea' id='block_1_14' title="bbox 179 4163 1307 4234">
    <p class='ocr_par' dir='ltr' id='par_1_23' title="bbox 179 4163 1307 4234">
     <span class='ocr_line' id='line_1_43' title="bbox 179 4163 1307 4234; baseline 0.007 -10"><span class='ocrx_word' id='word_1_316' title='bbox 179 4163 225 4225; x_wconf 88' lang='lat' dir='ltr'><strong>all’</strong></span> <span class='ocrx_word' id='word_1_317' title='bbox 250 4164 418 4226; x_wconf 83' lang='lat' dir='ltr'><strong>Accademia</strong></span> <span class='ocrx_word' id='word_1_318' title='bbox 443 4169 470 4226; x_wconf 92' lang='lat' dir='ltr'><strong>di</strong></span> <span class='ocrx_word' id='word_1_319' title='bbox 493 4168 608 4226; x_wconf 89' lang='lat' dir='ltr'><strong>Padova</strong></span> <span class='ocrx_word' id='word_1_320' title='bbox 629 4168 647 4225; x_wconf 91' lang='lat' dir='ltr'><strong>il</strong></span> <span class='ocrx_word' id='word_1_321' title='bbox 670 4171 697 4227; x_wconf 90' lang='lat' dir='ltr'><strong>di</strong></span> <span class='ocrx_word' id='word_1_322' title='bbox 722 4165 770 4232; x_wconf 86' lang='lat'><strong>13.</strong></span> <span class='ocrx_word' id='word_1_323' title='bbox 792 4169 947 4229; x_wconf 89' lang='lat' dir='ltr'><strong>Decembre</strong></span> <span class='ocrx_word' id='word_1_324' title='bbox 960 4166 1051 4234; x_wconf 74' lang='lat'><strong>1821.</strong></span> <span class='ocrx_word' id='word_1_325' title='bbox 1079 4170 1196 4230; x_wconf 91' lang='lat' dir='ltr'><strong>Padova</strong></span> <span class='ocrx_word' id='word_1_326' title='bbox 1211 4165 1307 4232; x_wconf 71' lang='lat'><strong>1822.</strong></span> 
     </span>
    </p>
   </div>
   <div class='ocr_carea' id='block_1_15' title="bbox 138 4247 1309 4403">
    <p class='ocr_par' dir='ltr' id='par_1_24' title="bbox 138 4247 1309 4403">
     <span class='ocr_line' id='line_1_44' title="bbox 181 4247 903 4318; baseline 0.004 -18"><span class='ocrx_word' id='word_1_327' title='bbox 181 4247 281 4315; x_wconf 81' lang='lat' dir='ltr'><strong>(Etiam</strong></span> <span class='ocrx_word' id='word_1_328' title='bbox 300 4264 356 4301; x_wconf 89' lang='lat' dir='ltr'><strong>cum</strong></span> <span class='ocrx_word' id='word_1_329' title='bbox 374 4249 436 4303; x_wconf 88' lang='lat' dir='ltr'><strong>diss.</strong></span> <span class='ocrx_word' id='word_1_330' title='bbox 456 4250 488 4302; x_wconf 91' lang='lat' dir='ltr'><strong>de</strong></span> <span class='ocrx_word' id='word_1_331' title='bbox 506 4248 683 4318; x_wconf 87' lang='lat' dir='ltr'><strong>Theophrasti</strong></span> <span class='ocrx_word' id='word_1_332' title='bbox 701 4250 788 4303; x_wconf 77' lang='lat' dir='ltr'><strong>Eresii</strong></span> <span class='ocrx_word' id='word_1_333' title='bbox 806 4250 903 4316; x_wconf 89' lang='lat' dir='ltr'><strong>libris.)</strong></span> 
     </span>
     <span class='ocr_line' id='line_1_45' title="bbox 138 4320 1309 4403; baseline 0.004 -25"><span class='ocrx_word' id='word_1_334' title='bbox 138 4321 244 4397; x_wconf 86' lang='lat' dir='ltr'><strong>Georg.</strong></span> <span class='ocrx_word' id='word_1_335' title='bbox 268 4320 342 4397; x_wconf 85' lang='lat' dir='ltr'><strong>Aug.</strong></span> <span class='ocrx_word' id='word_1_336' title='bbox 364 4321 567 4399; x_wconf 82' lang='lat' dir='ltr'><strong>Langguth</strong></span> <span class='ocrx_word' id='word_1_337' title='bbox 589 4342 686 4400; x_wconf 83' lang='lat' dir='ltr'><strong>progr.</strong></span> <span class='ocrx_word' id='word_1_338' title='bbox 709 4324 745 4381; x_wconf 90' lang='lat' dir='ltr'><strong>de</strong></span> <span class='ocrx_word' id='word_1_339' title='bbox 766 4324 940 4401; x_wconf 90' lang='lat' dir='ltr'><strong>Hippocrate</strong></span> <span class='ocrx_word' id='word_1_340' title='bbox 967 4323 1132 4382; x_wconf 88' lang='lat' dir='ltr'><strong>medicinam</strong></span> <span class='ocrx_word' id='word_1_341' title='bbox 1154 4343 1172 4382; x_wconf 89' lang='lat' dir='ltr'><strong>a</strong></span> <span class='ocrx_word' id='word_1_342' title='bbox 1196 4324 1309 4403; x_wconf 90' lang='lat' dir='ltr'><strong>sapien-</strong></span> 
     </span>
    </p>
   </div>
   <div class='ocr_carea' id='block_1_16' title="bbox 180 4403 1064 4488">
    <p class='ocr_par' dir='ltr' id='par_1_25' title="bbox 180 4403 1064 4488">
     <span class='ocr_line' id='line_1_46' title="bbox 180 4403 1064 4488; baseline 0.011 -26"><span class='ocrx_word' id='word_1_343' title='bbox 180 4405 236 4464; x_wconf 90' lang='lat' dir='ltr'><strong>tiae</strong></span> <span class='ocrx_word' id='word_1_344' title='bbox 257 4408 352 4466; x_wconf 89' lang='lat' dir='ltr'><strong>studio</strong></span> <span class='ocrx_word' id='word_1_345' title='bbox 373 4427 431 4469; x_wconf 91' lang='lat' dir='ltr'><strong>uon</strong></span> <span class='ocrx_word' id='word_1_346' title='bbox 455 4409 567 4468; x_wconf 88' lang='lat' dir='ltr'><strong>omnino</strong></span> <span class='ocrx_word' id='word_1_347' title='bbox 597 4413 753 4488; x_wconf 86' lang='lat' dir='ltr'><strong>separante.</strong></span> <span class='ocrx_word' id='word_1_348' title='bbox 796 4409 889 4472; x_wconf 86' lang='lat' dir='ltr'><strong>Viteb.</strong></span> <span class='ocrx_word' id='word_1_349' title='bbox 913 4403 1007 4469; x_wconf 83' lang='lat'><strong>1744.</strong></span> <span class='ocrx_word' id='word_1_350' title='bbox 1035 4403 1064 4472; x_wconf 84' lang='lat'><strong>4.</strong></span> 
     </span>
    </p>
   </div>
   <div class='ocr_carea' id='block_1_17' title="bbox 0 0 1447 4974">
    <p class='ocr_par' dir='ltr' id='par_1_26' title="bbox 0 0 1447 4974">
     <span class='ocr_line' id='line_1_47' title="bbox 0 0 1447 4974; baseline 0 0"><span class='ocrx_word' id='word_1_351' title='bbox 0 0 1447 4974; x_wconf 95' lang='lat' dir='ltr'><strong> </strong></span> 
     </span>
    </p>
   </div>
  </div>
 </body>
</html>
