2874 4974
645 304 784 366 Variolae.
1242 301 1305 368 169

175 451 330 524 (Antiquam
347 469 405 507 esre
420 453 577 509 variolamm
594 455 717 522 morbum,
736 453 869 509 veteribus
888 452 937 508 sub
951 453 1193 510 anthracionoruine
1210 456 1303 528 cogui-

176 536 247 588 tum;
267 525 350 577 bonus
368 523 477 578 liberet
496 524 633 592 diligenter
651 524 834 594 conscriptus.)

130 595 215 657 Paul.
240 595 296 658 Gli.
325 596 492 655 Werlhof
509 599 663 673 disquisitio
686 598 794 655 medica
822 602 850 655 et
877 595 1047 674 philologica
1076 597 1113 656 de
1140 597 1251 656 variolis
1274 605 1304 658 et

175 681 365 751 anthracites,
391 681 428 739 de
450 681 595 758 utriusque
619 683 737 740 affectus
753 681 978 757 antiquitatibus,
1003 682 1089 759 siguis
1117 690 1146 742 et
1177 684 1301 748 medelis,

174 766 309 824 Hannor.
337 758 429 828 1735.
456 799 498 809 -
522 767 619 826 Raros.
641 770 672 824 in
696 765 797 842 Ejusd.
831 767 908 844 Opp.
926 767 982 824 ed.
1011 766 1185 832 Wichmann.
1221 769 1303 828 Han·
1372 833 1375 838 ,

174 869 240 912 nor.
263 843 356 910 1175.
383 854 500 922 (Contra
524 863 688 909 vetustatem
716 855 878 909 variolarum
899 873 915 906 a
942 845 1049 908 Hahnio
1077 856 1237 925 defensam.)

131 935 179 994 Jo.
197 933 328 993 Gotbolr.
351 933 454 994 Hahn
480 937 564 995 carbo
588 937 721 1015 pestilens
744 956 761 994 a
783 935 955 995 carbunculis
973 936 1031 995 sive
1048 936 1158 995 variolis
1176 946 1303 1004 veterum

176 1019 334 1080 distinctus.
376 1022 523 1080 Accedunt
548 1023 630 1081 binae
655 1020 729 1084 Dan.
755 1021 840 1080 Wilh.
863 1019 1015 1081 Trilleri
1041 1021 1078 1080 dc
1100 1023 1199 1080 eodem
1216 1043 1302 1100 argu·

177 1108 274 1163 mento
296 1103 441 1182 epistolae.
456 1105 605 1165 Vratislar.
634 1101 725 1169 1736.
747 1101 777 1164 4.
806 1139 850 1150 -
889 1104 938 1164 Tr.
962 1108 1041 1165 binae
1063 1126 1121 1184 epp.
1143 1108 1303 1168 redeuntia

176 1187 277 1265 Ejusd.
300 1208 414 1266 opuscc.
438 1193 512 1254 med.
528 1190 592 1250 Vol.
609 1191 644 1249 ll.
667 1184 758 1253 1766.
781 1210 809 1267 p.
823 1184 840 1247 1
854 1185 957 1252 -36,
999 1202 1053 1267 (Ad
1080 1203 1215 1256 Werlhofii
1235 1204 1303 1257 scri-

177 1279 250 1391 ptum
267 1269 433 1340 apologetica
450 1272 586 1342 responsio
607 1280 635 1325 et
651 1271 805 1340 dijudicatio
819 1271 933 1324 locorum
948 1271 1021 1342 apud
1038 1279 1143 1326 veteres
1160 1275 1303 1343 scriptores

198 1357 213 1392 0
229 1355 293 1392 vero
311 1340 490 1407 carbunculo.)

132 1410 181 1469 Jo.
208 1411 342 1474 Gotholr.
371 1412 415 1470 de
438 1412 468 1470 H
475 1410 542 1471 ahu
568 1411 734 1471 variolarum
752 1412 824 1471 ratio
847 1413 983 1492 exposita.
1016 1410 1129 1472 Vratisl.
1160 1408 1251 1480 1751.
1273 1411 1303 1481 4.

178 1491 288 1559 (lteram
305 1509 353 1562 pro
371 1493 527 1564 antiquitate
544 1493 685 1550 seriolae)

132 1596 184 1610 —
208 1597 245 1608 -
273 1565 392 1623 morbilli
412 1567 577 1625 variolarum
597 1567 728 1624 vindices.
758 1565 908 1628 Vratislar.
936 1559 1027 1628 1753.
1051 1561 1082 1626 4.

133 1648 204 1714 Chr.
227 1649 350 1710 Godoir.
376 1651 515 1710 Gruner
535 1651 702 1710 variolarum
723 1650 903 1726 antiquitates
930 1651 967 1709 ab
998 1647 1135 1709 trabibus
1164 1649 1230 1710 eolis
1258 1671 1304 1713 re·

178 1735 327 1812 petendae.
362 1734 425 1793 Jen.
453 1731 543 1798 1773.
565 1732 596 1796 4.
623 1741 738 1808 (Contra
753 1740 895 1810 Hahnium‚
917 1740 963 1812 qui
982 1739 1101 1793 variolas
1118 1741 1233 1796 Graecis
1247 1739 1303 1816 jam

178 1815 323 1868 innotuisse
339 1816 466 1885 dixerat.)

133 1921 180 1936 -
200 1919 243 1932 -
268 1890 426 1964 fragmenta
440 1890 610 1948 medicorum
632 1885 756 1947 Arabum
774 1894 803 1947 et
824 1889 997 1949 Graecorum
1019 1890 1055 1949 de
1076 1890 1198 1953 variolis.
1240 1893 1302 1954 Jen.

179 1969 273 2037 1786.
298 1968 390 2034 1187.
415 1970 445 2038 4.
474 1981 545 2047 (Sex
570 1980 794 2049 programmata.)

132 2091 178 2106 ·-
218 2091 260 2102 —
297 2059 335 2117 cle
362 2059 472 2118 rariolis
500 2066 529 2119 et
555 2059 687 2117 morbillis
715 2061 873 2134 fragmenta
902 2059 1072 2117 medicorum
1098 2055 1303 2123 Arabistarum:

179 2143 326 2202 Constant.
353 2142 450 2218 Afric,
468 2143 569 2202 Matth.
591 2145 700 2216 Silvat.,
725 2145 810 2204 Bern.
836 2143 975 2216 Gorden,
997 2143 1043 2207 Jo,
1065 2142 1150 2220 Angl.
1166 2147 1202 2204 de
1223 2147 1304 2207 Gad-

180 2220 298 2300 desden,
325 2228 430 2290 Gentil.
451 2230 488 2287 de
505 2229 632 2306 Fulgin,
653 2228 738 2292 Miclt,
764 2229 860 2304 Scoti,
883 2226 1006 2286 Rolandi
1027 2229 1130 2305 Parm.‚
1152 2229 1238 2290 Guid.
1267 2234 1304 2293 de

179 2312 329 2389 Cauliaco,
351 2314 426 2377 Guil.
448 2313 618 2390 Varignan.‚
643 2313 752 2371 Valesci
779 2314 815 2370 de
836 2313 978 2384 Taranta,
1003 2313 1049 2371 Jo.
1076 2315 1114 2371 de
1135 2314 1303 2394 Concoreg.,

178 2397 254 2457 Petr.
278 2398 373 2476 Hisp.,
395 2396 462 2461 Ant.
485 2401 521 2458 de
542 2400 655 2472 Gradis‚
678 2398 795 2473 Mcnghi
815 2397 952 2471 Favent.‚
980 2398 1055 2457 Blas.
1077 2395 1181 2457 Astarii
1201 2407 1231 2460 et
1256 2401 1303 2461 Jo.

180 2482 301 2541 Saliceti.
323 2483 386 2541 Jen.
410 2479 501 2547 1190.
527 2480 556 2543 4.
583 2489 800 2558 (Programrnata
824 2487 932 2554 XIV.)

135 2564 203 2627 Car.
226 2566 300 2630 Guil.
325 2567 489 2644 Greding
518 2569 637 2647 epistola
659 2571 696 2626 de
722 2568 817 2647 primis
843 2566 1011 2626 variolarum
1039 2567 1123 2625 initiis
1151 2587 1303 2648 earumque

179 2653 311 2728 contagio
332 2654 479 2715 virulento.
522 2652 600 2732 Lips.
627 2649 719 2717 1781.
741 2648 772 2710 4.

134 2734 231 2795 Franz
253 2736 395 2815 Olberg
419 2739 552 2815 Beitr'age
573 2759 623 2796 zur
642 2737 797 2797 Litteratur
818 2737 868 2794 der
889 2735 1016 2795 Blattem
1042 2737 1099 2794 und
1128 2737 1212 2796 deren
1235 2737 1304 2796 Eiu-

178 2822 317 2900 impfflng,
339 2842 404 2881 vom
424 2822 511 2882 Jahre
533 2818 615 2884 1768
637 2823 679 2881 bis
705 2818 796 2883 1790.
819 2818 848 2881 1.
862 2821 1028 2884 Bbadchen.
1064 2820 1148 2881 Halle
1173 2822 1304 2895 (Hanno-

136 2910 238 3050 Jarlreels)
258 2901 510 3070 111811008101000
532 2994 566 3051 of
583 2993 632 3051 the
656 2991 815 3068 small-por.
847 2988 941 3049 Lond.
960 2985 1051 3051 1815.
1064 2988 1093 3050 8.
1124 3004 1227 3070 (Bonae
1248 3004 1304 3060 αἱ..

182 3072 338 3142 quisitiones
357 3073 426 3126 circa
444 3072 646 3127 inoculationem
664 3073 781 3127 variolae
799 3075 900 3140 verae.)

135 3145 212 3206 Rob.
237 3145 366 3204 Willan
392 3147 602 3205 miscellaneous
633 3148 741 3220 works,
770 3145 940 3224 comprising
968 3163 1003 3202 an
1032 3144 1142 3223 iuquiry
1167 3145 1227 3204 into
1257 3147 1306 3207 the

180 3231 320 3308 antiquity
346 3231 380 3289 of
406 3233 455 3290 the
479 3231 657 3309 small-pax,
684 3230 801 3289 measles
831 3233 888 3288 aad
909 3229 1122 3307 scarlat-feven
1156 3251 1221 3290 now
1243 3231 1306 3290 first

180 3315 328 3393 published
353 3321 405 3374 etc.
426 3317 481 3375 Ed.
506 3313 605 3393 Ashby
630 3316 754 3375 Smith.
782 3314 905 3373 London
928 3309 1020 3372 1821.
1042 3310 1072 3372 8.

136 3400 183 3459 10.
207 3399 273 3460 chr.
295 3400 341 3460 W.
367 3401 500 3460 Wendt
524 3401 609 3476 noglc
630 3400 854 3474 Elterretningcr
876 3418 922 3457 om
948 3399 1162 3475 Biirnelroppcr‚
1183 3397 1305 3478 Kolrop·

179 3504 231 3563 per
252 3504 291 3562 og
310 3486 346 3544 de
369 3486 534 3545 formildede
552 3485 766 3562 Biirnekopper.
800 3482 969 3541 Kiobuhavn
992 3476 1085 3544 1824.
1107 3479 1136 3542 8.
1162 3516 1205 3526 —
1233 3483 1303 3542 Ger-

179 3588 250 3628 man.
274 3589 333 3628 cum
356 3575 472 3629 nudaris
496 3574 580 3649 ipsius
600 3569 808 3628 additamentis:
837 3567 971 3643 Beitriige
993 3586 1044 3624 zur
1063 3566 1233 3628 Geschicbte
1252 3571 1304 3629 der

179 3653 458 3735 Menschenpocken‚
487 3656 665 3734 Kuhpocken
692 3654 751 3712 und
777 3651 960 3710 modificirten
981 3651 1245 3732 Menschenpocken
1266 3656 1304 3713 im

180 3737 340 3799 Dinischen
357 3743 464 3803 Staate.
490 3740 659 3819 Kopenhag.
686 3733 779 3799 1824.
794 3735 824 3797 8.
847 3741 1013 3811 (Diligenter
1026 3743 1208 3815 conscriptum
1223 3761 1305 3816 opus-

181 3819 282 3886 culum3
302 3821 478 3891 clr.Allgen1.
497 3821 588 3877 medic.
607 3821 700 3876 Annal.
719 3819 795 3887 1824,
814 3837 877 3888 pag.
897 3818 965 3872 1498
982 3822 1033 3888 sq)

135 3891 212 3955 Lud.
235 3893 311 3955 Guil.
331 3895 443 3952 Sachs
471 3894 597 3952 analecta
619 3895 658 3951 ad
684 3893 850 3952 variolarum
878 3892 1000 3967 origines
1028 3891 1200 3969 spectantia3
1235 3894 1303 3954 diss.

178 3996 232 4055 pro
259 3976 333 4041 loco.
363 3979 546 4056 Regiomonti
572 3973 663 4040 1823.
685 3974 715 4036 8.
743 4009 787 4024 ··-
807 3975 1059 4034 Deiotariana:
1084 3975 1129 4036 De
1150 3978 1304 4054 originibus

178 4061 347 4121 variolarum
373 4064 451 4122 liber.
495 4064 566 4125 lbid.
594 4057 686 4121 1824.
711 4057 740 4120 8.
764 4065 930 4135 (Ellepract
948 4073 1027 4137 peste
1042 4074 1116 4120 ortas
1131 4085 1192 4120 esse
1206 4069 1303 4136 patho·

179 4143 264 4210 logice
282 4143 364 4212 magis
382 4163 457 4216 quarn
475 4144 599 4198 historice
616 4143 827 4210 demonstratur.)

135 4214 171 4275 C.
192 4215 301 4278 Friedr.
325 4218 438 4278 Theod.
450 4218 591 4277 Krause
604 4218 673 4274 iiber
691 4217 742 4273 das
754 4212 833 4274 Alter
843 4215 895 4274 der
908 4214 1168 4293 Menschenpoclreu
1178 4213 1238 4272 und
1253 4231 1305 4273 aa·

180 4302 263 4360 dercr
290 4303 558 4363 exanthematischer
581 4301 783 4360 Krankbeiten.
826 4299 1138 4360 Historisch-kritische
1165 4298 1304 4358 Uutcrsu·
1336 4370 1339 4376 .

180 4385 284 4464 chung.
329 4386 481 4448 Hannover
503 4383 595 4450 1825.
617 4383 647 4446 8.
670 4390 834 4458 (Accuratae
849 4389 1052 4460 disquisitiones
1076 4405 1110 4440 ex
1130 4389 1226 4458 quibus
1243 4389 1304 4443 cffi-

181 4483 243 4522 cere
260 4473 371 4524 conatur
388 4476 481 4525 auctor
497 4468 611 4526 variolas
629 4467 749 4580 geutibqs
766 4466 880 4538 antiquis
897 4468 951 4538 jam
969 4471 1044 4520 notar
1061 4463 1166 4534 luisse.)
