2874 4974
195 296 238 362 64
611 301 751 363 Medicina
771 302 855 363 medii
877 304 948 364 aevi.

490 485 545 543 BB.
605 487 783 541 Basilius
821 488 1066 544 Valentinus.

197 600 270 659 Geo.
293 592 400 669 Wolfg.
423 592 544 651 Wedel
577 593 614 652 de
636 593 740 652 Basilio
773 593 923 654 Valentino
943 615 1010 654 vero
1033 595 1140 655 artifice
1160 596 1278 674 ejusque
1300 600 1369 659 seri-

239 679 411 825 iiisnecjei'.
436 672 527 739 1704.
554 674 583 737 4.
606 713 649 724 -
669 677 766 738 Recas.
788 682 819 738 in
838 680 939 740 Wedel
960 699 1049 741 exerc.
1074 682 1147 741 med.
1162 682 1258 760 philol.
1282 683 1367 747 Ceut.

196 853 307 914 Herrm.
315 850 392 908 Frid.
403 847 467 906 Tei
477 847 516 905 ch
524 866 551 904 m
560 865 641 924 eyer
657 848 697 915 de
708 848 844 925 rhythmis
852 849 945 907 Basilii
953 848 1102 910 Valentini.
1115 852 1176 915 Jen.
1187 847 1366 913 1733-34.

239 933 266 988 4.
301 933 369 1000 (Cir.
388 928 583 982 Schmieder
602 929 758 984 (iesabiehte
775 931 823 984 der
842 931 976 985 Alchemie
990 949 1059 1005 pag.
1078 931 1237 1002 lat-hoa.)

683 1115 712 1188 β.
747 1123 877 1174 Medici.

508 1236 566 1294 Ah.
620 1236 776 1291 Plinius
809 1239 1051 1296 Valerianus.

197 1347 270 1407 Just
293 1345 414 1406 Godofr.
437 1332 540 1402 Giiuz
566 1344 602 1402 de
626 1350 740 1403 auctore
762 1345 855 1423 operis
878 1347 914 1404 de
930 1366 961 1405 re
975 1348 1083 1406 medica
1096 1346 1184 1422 vulgo
1195 1345 1286 1407 Plinio
1303 1347 1368 1407 Va·

240 1433 345 1491 leriauo
376 1429 517 1507 adscripti.
560 1428 637 1506 Lips.
662 1424 752 1491 1736.
778 1426 808 1488 4.
853 1435 971 1506 (Neque
992 1436 1108 1490 Plinium
1128 1439 1256 1505 majorem
1278 1456 1367 1508 neque

239 1512 305 1568 Plin.
323 1510 498 1576 Valerianum,
516 1511 655 1563 secundum
671 1510 862 1581 inscriptionem
880 1514 949 1583 apud
969 1514 1076 1569 Gruter.
1094 1513 1154 1582 635,
1174 1515 1200 1580 1,
1228 1514 1276 1568 sed
1296 1516 1366 1568 Gal-

238 1585 289 1637 lum
308 1582 434 1651 quendam
452 1580 627 1632 Christianum
645 1581 730 1650 paullo
749 1590 810 1633 ante
827 1581 979 1636 Marcellum
990 1584 1149 1653 Empiricum
1162 1591 1296 1638 auctorem
1306 1602 1365 1639 esse

240 1654 308 1706 illius
326 1650 422 1715 libelli3
450 1650 622 1703 Siburium
640 1667 698 1703 esse
717 1650 854 1717 conjicitur
872 1669 904 1704 ex
923 1651 1043 1706 Marcelli
1060 1653 1159 1724 Empir.
1176 1654 1235 1707 loco
1248 1655 1276 1707 in
1288 1671 1367 1725 prae·

239 1723 352 1778 fationet
373 1719 427 1774 Nec
443 1721 527 1772 solam
545 1725 646 1773 veterae
661 1721 807 1774 medicinae
825 1729 947 1775 auctores
965 1724 1027 1789 etc.)

508 1855 564 1911 BB.
624 1827 813 1925 Apuleius
838 1859 1047 1916 Barbarae.

198 1965 233 2025 C.
255 1963 290 2024 Ε.
312 1963 379 2022 Chr.
401 1963 605 2023 Schneider
635 1982 730 2042 progr.
765 1965 915 2044 descriptio
941 1966 1044 2025 codicis
1066 1967 1247 2026 vetustissimi
1268 1967 1307 2027 iu*
1323 1966 1367 2027 bi·

240 2049 378 2108 bliotheca
409 2049 567 2107 academica
594 2049 726 2107 asservati
750 2069 814 2108 cum
842 2051 1047 2128 precationibus
1076 2053 1245 2129 quibusdam
1271 2071 1306 2111 ex
1331 2072 1366 2111 eo

241 2134 331 2195 editis.
374 2133 486 2193 Vralisi.
509 2129 600 2193 1839.
626 2128 655 2197 4,
699 2138 789 2208 (Cod.
810 2142 921 2196 membr.
943 2158 1015 2197 saec.
1036 2141 1087 2195 IX.
1107 2142 1218 2214 Apuleji
1239 2142 1367 2210 Barbari,

242 2215 318 2274 Sexti
334 2214 428 2269 Plaaiti
445 2223 473 2270 et
491 2214 702 2269 Pseudo-Musae
720 2216 846 2283 quaedam
865 2218 1022 2286 continens.)

553 2352 609 2410 CC.
663 2355 790 2408 Macer
817 2353 1010 2409 Floridus.

197 2462 275 2524 Frid.
296 2462 457 2521 Boerner
482 2461 519 2520 de
536 2457 653 2519 Aemilio
674 2460 771 2520 Macro
792 2462 909 2539 ejusque
933 2463 1038 2520 rariore
1058 2461 1144 2520 hodie
1166 2461 1304 2540 opusculo
1329 2462 1367 2521 de

240 2547 388 2608 virtutibus
418 2545 567 2604 herbarum
596 2545 722 2604 diatribe.
766 2544 846 2624 Lips.
873 2541 964 2608 1754.
986 2543 1016 2607 4.
1037 2579 1078 2590 -
1100 2546 1187 2606 Redit
1207 2551 1238 2606 in
1260 2547 1367 2607 Boeru.

241 2639 316 2693 noct.
340 2630 461 2708 Guelph.
479 2625 569 2690 1755.
591 2649 657 2707 pag.
682 2625 858 2689 110-134.
903 2637 1005 2704 (Multa
1018 2636 1140 2688 continet
1154 2637 1240 2689 minus
1254 2654 1323 2689 vera
1338 2641 1367 2689 et

242 2720 379 2779 accurata3
398 2711 474 2766 codd.
492 2728 551 2766 mss.
570 2718 631 2764 sunt
648 2710 694 2776 illi,
714 2729 779 2781 quos
794 2713 879 2765 Ebert
898 2713 974 2770 codd.
988 2713 1102 2782 Guetph.
1118 2716 1167 2767 sub
1184 2731 1209 2772 n.
1224 2713 1286 2779 544,
1304 2711 1365 2783 546,

241 2783 294 2837 548
311 2787 451 2846 enumerat,
471 2781 520 2836 cir.
536 2779 609 2833 Edit.
631 2780 716 2833 Macri
735 2781 807 2850 Lips.
828 2781 902 2836 1832.
920 2782 947 2838 8.
966 2800 1027 2853 pag.
1046 2782 1080 2835 21
1098 2784 1151 2851 sq.)

198 2857 267 2920 Chr.
292 2855 413 2918 Godolr.
439 2853 577 2912 Gruner
601 2872 697 2933 progr.
724 2856 816 2914 variae
842 2855 977 2913 lectiones
1003 2857 1040 2913 ad
1070 2854 1219 2914 Aemilium
1238 2853 1365 2915 Macrum

240 2938 541 3085 {ogie'ramamld
566 2939 717 3000 enchiridio
745 2938 878 3018 (Erford.
909 2935 999 2999 1502.
1026 2935 1078 3020 4.)
1098 2942 1258 3020 decerptae.
1301 2939 1367 3000 Jen.

522 3139 581 3194 Du.
634 3140 917 3196 Constantinus
950 3142 1050 3211 Aser.

197 3248 237 3308 M.
262 3244 300 3307 Ν.
323 3247 519 3305 commentatio
542 3248 578 3305 de
599 3246 695 3306 codice
723 3267 773 3305 ms.
801 3247 984 3306 bibliothecae
1008 3246 1183 3306 academicae
1208 3241 1365 3303 Altbrfiuae

240 3333 417 3392 Constantini
429 3330 551 3391 Africani
562 3333 599 3390 de
609 3332 742 3391 febribus.
768 3331 870 3392 Altorf.
894 3328 1015 3412 (1764.)
1037 3327 1067 3394 4.
1100 3337 1172 3404 (Cfr.
1187 3335 1222 3386 G.
1238 3334 1274 3390 E.
1289 3333 1366 3387 Wal-

240 3415 292 3470 dau
310 3415 424 3469 thesaur.
445 3413 504 3469 bio·
522 3419 551 3468 et
564 3412 737 3486 bibliograph.
775 3413 910 3468 chamaita
929 3412 1005 3470 1792.
1023 3411 1048 3469 8.
1067 3432 1095 3484 p.
1113 3411 1164 3465 215
1182 3415 1235 3480 sq.)

543 3551 603 3605 EM.
656 3550 1015 3623 Hildegardis.

197 3656 244 3718 Jo.
270 3656 354 3716 Cour.
379 3654 472 3715 Dahl
497 3656 544 3714 die
567 3657 669 3735 heiliga
687 3659 884 3735 Hildegardis,
920 3653 1081 3716 Aebtissinu
1107 3655 1135 3714 iu
1162 3656 1226 3715 dem
1250 3653 1366 3714 Kloster

240 3741 436 3821 Rupertsberg
456 3741 502 3800 bei
523 3741 642 3818 Bingen.
686 3743 780 3802 Mainz
801 3738 892 3805 1832.
918 3737 947 3801 8.
1005 3744 1189 3815 (Theologica
1202 3744 1365 3798 solummodo

174 3881 175 3885 ,
243 3821 376 3889 continet3
396 3822 484 3893 agitur
502 3822 536 3875 de
554 3824 612 3880 cod.
630 3841 677 3880 ms.
697 3841 795 3879 coaevo
813 3822 885 3876 Hiid.
904 3822 964 3877 libri
982 3823 1054 3877 vitae
1072 3821 1240 3889 meritorum.)

198 3894 277 3955 Frid.
289 3894 363 3972 Aug.
379 3895 495 3955 Reuss
508 3897 544 3955 de
554 3896 628 3955 libris
640 3898 759 3975 physicis
771 3898 800 3955 S.
811 3896 992 3973 Hildegardis
1004 3895 1200 3955 commentatio
1218 3893 1366 3953 historico-

241 3982 357 4040 medica.
401 3977 685 4058 Wireeburgi1835.
706 3977 735 4046 8.
781 3986 892 4055 (Novae
909 3985 1038 4038 editionis
1049 3983 1233 4054 'Physicorum
1248 3984 1364 4053 prodro-

240 4079 304 4126 mus,
323 4063 370 4114 cir.
389 4061 578 4116 Bucherhunde
594 4065 637 4116 hir
654 4063 697 4117 die
714 4064 796 4117 altere
813 4061 928 4116 Medicin
945 4061 971 4119 2.
981 4061 1049 4116 hufl.
1068 4062 1098 4119 8.
1115 4059 1182 4127 3093
1207 4077 1255 4130 pro
1274 4058 1366 4131 genui·

239 4132 279 4186 nis
297 4132 376 4185 habet
392 4131 427 4185 H.
445 4133 588 4203 operibus.)

476 4268 534 4325 FF.
592 4268 785 4340 Aegidius
812 4268 1086 4327 corboliensis.

197 4374 244 4437 Jo.
267 4373 337 4436 Phil.
359 4374 426 4434 Lor.
446 4374 592 4434 Withof
608 4371 760 4434 Nachricht
781 4395 837 4435 von
859 4375 948 4434 ciuem
974 4374 1094 4437 ehemals
1111 4374 1175 4433 sehr
1194 4372 1368 4450 hochgehal-

240 4465 325 4521 tenen
357 4458 604 4537 Araneigelehrteu
636 4458 773 4537 Aegidius
798 4461 997 4523 Corbolieusis.
1046 4460 1192 4536 Duisburg
1217 4454 1310 4521 1751.
1337 4453 1366 4519 4.
