2874 4974
490 307 632 388 Therapia
653 306 798 386 generalis.
1167 316 1230 383 163
1332 395 1335 401 Ι

101 464 197 516 curata
214 454 377 522 aestimatio;
402 472 468 527 opus
492 462 606 511 ceterum
630 457 657 512 in
676 455 886 527 meteorologlcia
910 459 1011 532 plenius
1032 468 1061 519 ct
1077 469 1228 527 amantius

101 545 181 600 quam
198 527 225 582 in
242 524 413 595 nosologicis3
431 526 463 581 S.
484 526 504 594 †
523 525 613 595 1833.)

57 617 157 681 Heinr.
178 617 292 675 Hiser
315 614 702 692 historisch-pathologische
722 615 986 695 Untersuchungen.
1025 621 1076 681 Als
1095 625 1231 708 Beitriage

101 721 154 761 zur
178 701 346 768 Gcschichte
374 703 425 762 der
452 700 730 764 Vollrskranlrheiten.
765 695 1046 792 2Thle.'.Dresden
1066 730 1092 768 u.
1110 712 1230 794 Leipzig

103 781 195 846 1839.
219 781 309 846 1841.
329 781 358 850 8.
397 798 450 863 (Ab
468 796 653 866 antiquissimis
671 796 731 850 iude
746 800 905 882 temporibus
917 817 999 871 usque
1012 806 1046 858 ad
1056 823 1149 864 annum
1162 812 1230 869 1770

103 866 304 921 constitutiones
320 868 455 949 mprbosas
478 875 584 920 enarrat
606 865 724 949 lontibus
745 869 858 938 undique
881 888 976 924 summa
996 890 1058 926 cura
1076 881 1230 949 conquisitis

104 938 183 990 docte
201 953 277 999 usus;
296 936 371 989 addc
386 937 542 1005 scriptorum
560 935 593 989 ad
613 937 755 1006 eprdemraa
773 938 955 1008 pertinentium
973 943 1117 1014 catalogos,
1136 949 1231 1006 biblio-

104 1006 208 1060 thecam
225 1005 463 1078 epidemiologicam
481 1005 630 1075 promittit.)

212 1177 274 1274 d.
342 1176 684 1297 uuaerapm
722 1182 1078 1299 emmaus.

60 1351 109 1416 Jo.
132 1350 201 1416 Em,
223 1348 463 1409 Heheuatreit
485 1348 662 1428 palaeologia
685 1350 844 1430 therapne,
870 1372 926 1429 qua
952 1361 1077 1415 veterum
1100 1359 1138 1418 de
1158 1380 1232 1419 mor-

105 1438 150 1496 bis
175 1436 305 1494 curandis
327 1434 429 1512 placita
455 1435 567 1513 potiora
587 1436 771 1494 recentiorum
798 1440 942 1496 sententiis
970 1448 1137 1517 aequantur.
1174 1444 1232 1504 Ac-

105 1522 182 1581 cedit
202 1521 325 1579 eiusdem
347 1520 419 1577 ordo
442 1520 602 1577 morborum
624 1521 763 1582 caussalis.
812 1521 897 1581 Nunc
918 1525 1036 1601 primum
1058 1527 1152 1587 iuncta
1171 1531 1232 1588 edi·

105 1606 392 1683 depredationem,
420 1605 504 1662 vitam
525 1605 664 1674 auctoris,
688 1606 799 1663 notulas
824 1608 1030 1685 qualescunque
1055 1611 1232 1691 iudicemque

104 1709 198 1749 rerum
217 1690 319 1747 adiecit
340 1689 406 1746 Chr.
429 1688 551 1746 Godol'r.
572 1687 720 1750 Gruner.
746 1691 838 1749 Halae
864 1686 953 1753 1779.
977 1692 1006 1754 8.
1036 1707 1136 1773 (hocta
1158 1711 1232 1764 simul

107 1773 181 1825 etad
200 1772 292 1854 praxin
311 1771 436 1822 medicam
458 1769 574 1839 apprime
594 1769 694 1822 iaciens
708 1772 839 1840 collectio,
856 1773 891 1825 42
908 1779 1145 1845 programmatihus
1158 1781 1232 1852 priua

108 1850 264 1911 conscriptus
282 1847 419 1903 constans3
438 1838 473 1891 48
491 1848 517 1891 et
533 1838 586 1892 480
603 1844 694 1908 pagg.)

62 1930 217 1992 Leonhard
242 1927 341 2012 Ludw.
367 1927 482 1986 Finke
507 1947 563 1985 von
582 1929 645 1986 dem
667 1928 883 1988 verschiedenen
910 1931 1065 1993 Verlahren
1091 1937 1143 1995 der
1162 1937 1233 1997 731-

106 2018 157 2075 ker
178 2014 222 2074 bei
244 2012 388 2088 Kranlren,
407 2012 584 2071 Sterheuden
609 2015 667 2071 und
690 2014 894 2072 Gestorhenen.
948 2015 1059 2094 Lingeu
1088 2017 1181 2082 1789.
1202 2020 1231 2084 8.

64 2101 172 2162 Salom.
194 2098 299 2157 Abrah.
322 2097 526 2157 Bleelrrode
548 2104 695 2156 comment.
721 2099 815 2174 inaug.
836 2101 937 2159 sistens
959 2103 1164 2181 palaeologiam
1188 2128 1233 2166 re-

107 2185 191 2263 gulae
218 2183 440 2260 therapeuticae:
470 2183 576 2241 Similia
602 2183 736 2241 similibus
766 2191 906 2245 curantur.
939 2184 1008 2244 Pars
1039 2188 1059 2246 l.
1093 2190 1231 2268 Groning,

106 2265 197 2331 1835.
221 2265 250 2329 8.
282 2271 409 2341 (lxiona
429 2273 653 2342 homoeopathiae
674 2273 900 2341 lundomentale.)

64 2371 101 2436 L.
127 2370 314 2431 Helleteiu
343 2369 379 2428 de
398 2369 534 2428 methodo
556 2369 781 2448 antiphlogistica
799 2371 993 2448 remediisque,
1019 2391 1092 2449 quae
1110 2375 1157 2435 illa
1173 2395 1231 2436 am-

107 2457 245 2536 plectitur.
288 2455 493 2512 Commentatio
515 2455 772 2516 critico-historica.
809 2455 903 2518 Berol.
932 2452 1022 2519 1837.
1051 2454 1080 2518 8.
1110 2465 1232 2537 (Disqui-

107 2539 168 2591 sitio
186 2537 324 2604 diligenter
343 2533 489 2604 conscripta
510 2544 537 2588 et
555 2535 668 2605 praemio
686 2538 798 2602 ornata.)

64 2612 169 2674 Renat.
194 2608 342 2669 Moreau
364 2609 400 2665 de
421 2608 552 2666 missione
572 2610 715 2684 sanguinis
735 2609 762 2666 in
794 2607 960 2686 pleuritide‚
982 2610 1030 2668 ubi
1056 2612 1231 2675 demonstra·

105 2702 163 2772 tur,
188 2712 222 2752 ex
243 2712 300 2769 qua
321 2693 446 2770 corporis
467 2699 548 2771 perte
576 2694 716 2753 detractus
737 2693 783 2752 ille
808 2694 892 2750 suerit
917 2713 935 2751 a
963 2695 1075 2753 duobus
1096 2717 1231 2760 annorum

104 2780 225 2840 millibus
247 2797 281 2837 ex
299 2779 427 2858 omnium
448 2797 521 2854 pene
541 2779 710 2836 medicorum
737 2779 926 2848 Graecorum,
956 2776 1137 2856 Latinorum,
1159 2783 1232 2843 Ara·

105 2865 184 2939 bum,
205 2862 393 2922 Barbarorum
414 2870 512 2920 exacta
540 2864 748 2920 enumeratione
769 2863 849 2937 juxta
878 2869 1034 2940 temporum
1057 2868 1158 2941 quihus
1178 2872 1233 2928 llo-

105 2968 187 3010 ruere
209 2949 306 3007 seriem
328 2948 462 3005 instituta.
481 2945 624 3021 Adjuncta
645 2953 689 3006 est
711 2947 785 3005 Petri
803 2948 922 3006 Brissoti
937 2950 1002 3007 vita
1030 2949 1108 3009 Paris
1140 2949 1231 3016 1622.

104 3029 152 3108 8.;
173 3034 239 3096 ibid.
263 3027 354 3094 1630.
368 3027 398 3092 8.
412 3065 449 3077 -
461 3030 558 3092 Reno.
571 3052 635 3090 euro
656 3032 702 3090 Jo.
718 3033 804 3090 Heur.
820 3033 890 3091 Sch
900 3032 987 3097 ulze.
1009 3034 1075 3098 Hal.
1099 3032 1190 3098 1741.
1202 3036 1231 3105 8,

106 3126 132 3179 et
157 3118 282 3178 addition
318 3115 444 3174 Schulzei
473 3114 633 3194 compendio
665 3117 794 3175 historice
826 3117 981 3182 medicinae.
1034 3119 1101 3180 Hal.
1140 3117 1233 3187 1742.

106 3201 151 3279 8.,
166 3223 192 3263 v.
213 3221 295 3280 supro
312 3221 381 3278 pag.
404 3197 434 3263 6.
477 3213 608 3278 (Diatrihe
635 3213 803 3278 Metellinam,
829 3214 950 3283 princeps
976 3215 1035 3268 olim
1061 3234 1129 3288 opus
1155 3221 1233 3274 chru-

107 3283 295 3354 nographicum
320 3281 348 3335 in
372 3281 481 3335 historia
504 3281 648 3336 medicinae
665 3283 850 3354 computanda,
874 3284 956 3352 primo
982 3283 1049 3338 1622
1073 3296 1101 3339 et
1117 3289 1231 3343 secundo

109 3355 179 3409 luto
201 3352 292 3407 addita
314 3360 372 3404 erat
396 3350 468 3403 Petri
488 3351 599 3405 Brissoti
620 3349 686 3405 libro
705 3352 738 3404 de
764 3352 977 3418 redemtione,
1002 3352 1114 3408 Schulze
1136 3360 1232 3427 repetit

107 3423 246 3478 editionem
263 3419 325 3475 anni
346 3419 410 3474 1630
426 3427 453 3473 et
471 3420 580 3472 Brissoti
598 3437 665 3489 opus
682 3420 804 3488 omittit.)

65 3512 141 3576 Gnil.
162 3511 275 3571 Theod.
300 3488 470 3568 Maschlrd
490 3511 595 3587 (praes.
622 3507 672 3573 Ph.
694 3508 727 3566 F.
747 3508 868 3589 Meclrel)
901 3508 966 3567 diss.
988 3508 1085 3589 inaug.
1112 3532 1168 3590 qua
1188 3514 1232 3574 hi.

109 3597 198 3656 storia
219 3596 274 3655 litis
296 3595 415 3653 deloco
436 3594 654 3654 vennesectionis
680 3594 709 3652 iu
730 3595 892 3672 pleuritide,
916 3594 1113 3657 saeculoXVl.
1136 3600 1251 3679 impri-

109 3683 162 3741 mis
183 3681 307 3752 habilae,
331 3678 489 3742 ventilatur.
529 3681 622 3739 Halae
645 3674 735 3739 1793.
758 3674 788 3740 8.
834 3684 1003 3754 (Sprengelii
1024 3704 1092 3755 opus
1114 3689 1230 3757 diuitum

110 3761 160 3819 cir.
179 3778 285 3832 quoque
301 3762 373 3828 Sps.
399 3760 554 3814 Gcsclricltte
568 3763 615 3814 der
633 3760 819 3814 Anneilraodc
835 3762 859 3815 3.
883 3760 953 3815 Aah.
972 3761 1021 3814 lll.
1045 3762 1092 3818 Ι71
1109 3768 1162 3835 sq.)

66 3834 160 3895 Franz
185 3836 279 3894 Xaver
300 3833 436 3892 Mezler
460 3833 585 3891 Versuch
610 3834 686 3892 einer
707 3833 874 3894 Geschichte
895 3834 947 3892 des
968 3833 1139 3896 Adcrlasses
1166 3839 1232 3900 Ulm

108 3915 201 3984 1793.
226 3914 257 3979 8.
286 3931 412 3999 (Cepione
433 3926 460 3983 et
483 3946 540 3982 cum
555 3929 655 3999 judicio
672 3928 813 3998 scriptum3
840 3926 941 3999 periodi
960 3932 1167 3990 constituuntur=
1186 3954 1232 3990 us·

108 4018 162 4124 pue
184 4001 219 4055 ad
243 4001 387 4066 Galenum‚
414 4015 505 4081 usque·
523 3999 556 4053 ad
575 3998 762 4064 Helmontium,
781 4014 863 4066 usque
881 3999 915 4050 nd
933 4000 1075 4068 Statilium,
1094 4021 1177 4089 usque
1196 4008 1230 4060 ad

134 4071 225 4136 ordeu,
242 4070 376 4138 usquead
394 4068 539 4133 Wolstern3
564 4069 612 4120 cir.
631 4083 748 4136 quoque:
769 4067 833 4118 Cart
848 4068 877 4120 h.
889 4068 917 4119 K
922 4069 993 4122 lose
1013 4071 1168 4126 Genohscltte
1185 4077 1232 4128 ales

108 4139 208 4193 lrdnrtt.
219 4138 481 4206 Blutcntleerungen‚
500 4153 567 4205 quae
584 4146 706 4204 tanquam
721 4136 853 4204 appendix
870 4136 960 4191 addita
974 4140 1090 4194 estlibro
1105 4159 1121 4193 e
1136 4143 1231 4209 gallica

108 4208 198 4277 lingua
207 4225 336 4261 converso
352 4207 538 4258 Vicusseuc
550 4207 592 4259 aih.
603 4206 701 4257 kriusti.
711 4205 977 4276 Btotousleerungcn.
989 4209 1101 4261 urenae
1111 4209 1231 4277 18198.)

66 4280 150 4344 Peter
170 4281 230 4343 Jos.
253 4279 459 4338 Schneider
482 4278 528 4337 die
546 4278 763 4336 Himatomanie
780 4278 830 4336 des
842 4286 934 4336 ersten
946 4279 1063 4337 Viertels
1080 4282 1131 4339 des
1143 4303 1233 4343 neuu-

106 4365 231 4426 zehntcn
252 4364 467 4435 Jahrhunderts‚
494 4363 563 4422 oder
583 4363 635 4420 der
655 4361 788 4421 Aderlass
814 4363 842 4420 in
866 4362 1054 4435 historischer,
1082 4365 1232 4446 therapeu·

106 4451 211 4512 tincher
225 4451 285 4511 und
303 4447 682 4528 mediciniachpoliceilicher
704 4447 843 4508 Hinsicht
868 4442 995 4506 Nehstl
1018 4448 1142 4514 Steindr.
1170 4450 1233 4513 'ra-

959 4542 1025 4607 11*
1111 4544 1114 4548 ’
