2874 4974
182 284 244 349 120
626 285 765 347 Medicina
788 287 905 366 magica.

389 456 437 522 1.
487 437 759 521 Fascianus
784 443 842 522 et
868 439 1139 523 amuleta.

181 560 228 622 Jo.
251 559 363 621 Sebast.
386 560 477 618 Otto
500 559 536 617 de
567 559 752 618 fascinatione
776 577 926 636 puerorum
956 565 986 618 et
1011 560 1179 628 adultorum.
1232 563 1352 643 Argcnt.

227 640 319 708 1644.
336 642 364 705 4.
385 651 459 718 (cfr.
471 649 582 701 Heclrer
596 647 692 701 Annal.
706 649 734 700 (1.
746 648 902 702 Heillrunde
914 649 997 714 18363
1012 651 1046 702 Β.
1057 651 1101 705 33.
1114 651 1145 707 S.
1156 654 1211 710 414
1225 655 1279 724 fg.)

182 729 210 793 J.
231 728 332 789 Lazar.
353 731 549 789 Gntierrez
570 729 607 787 de
632 729 747 792 fascino.
790 727 885 805 Lugd.
908 725 1001 792 1653.
1025 725 1055 794 4.

182 814 238 874 Jul.
249 815 314 873 Rei
322 817 361 875 ch
369 816 417 875 elt
434 815 593 874 exercitatio
610 814 647 872 de
660 813 787 872 amuletis
803 815 906 876 aeneis.
931 814 1003 873 Cum
1014 814 1084 891 figg.
1095 811 1214 893 Argent.
1227 813 1320 880 1676.
1332 820 1352 883 f.
1396 825 1400 833 '

182 898 228 958 Jo.
250 901 343 978 Chph.
365 901 521 978 Vulpius
546 900 582 958 de
596 899 723 957 amuletis
744 917 899 975 eorumque
920 901 1033 963 viribus.
1075 900 1205 979 Regiorn
1218 899 1312 963 1688.
1322 900 1352 966 4.

181 983 241 1043 Jac.
265 985 386 1045 Wolff
407 985 569 1043 scrutinium
589 984 773 1043 amuletornm
796 984 949 1057 medicum
976 985 1006 1044 in
1033 986 1127 1063 specie
1155 989 1192 1047 de
1211 989 1353 1047 zenechtis

224 1068 268 1128 vel
290 1089 365 1146 qnae
389 1071 463 1149 pesti
497 1075 687 1148 opponuntur.
751 1067 830 1147 Lips.
868 1074 898 1128 et
927 1068 991 1135 111.
1027 1065 1120 1134 1690.
1151 1068 1181 1132 4.
1217 1072 1352 1138 Francos.

225 1149 320 1213 1692.
341 1151 372 1217 4.
399 1159 535 1229 (Spissum
561 1175 629 1228 opus
654 1176 671 1212 a
694 1157 798 1211 medico
821 1158 1026 1230 conscriptum.)

182 1237 320 1315 Koblig
341 1241 379 1298 de
406 1239 606 1300 talirmanibns.
648 1238 742 1302 Viteh.
765 1233 856 1298 1693.
878 1238 908 1304 4.

181 1325 256 1400 Aug.
282 1322 407 1389 Nathan.
429 1325 580 1382 Hiibner
601 1323 785 1383 amuletorum
807 1324 923 1384 historia
940 1343 1093 1402 eorumque
1118 1343 1244 1385 censura.
1286 1326 1354 1390 Hal.

176 1464 179 1469 .
226 1402 319 1470 1710.
342 1407 372 1472 4.
396 1415 433 1483 (1.
447 1413 571 1467 Gaffarcl
582 1413 729 1466 curiositcz
744 1413 868 1482 inonyes.
882 1415 912 1468 S.
924 1414 944 1469 1.
957 1413 1033 1469 1650.
1045 1415 1085 1484 8.)

182 1493 208 1554 J.
235 1491 268 1552 F.
295 1494 432 1553 (11Ρ1έ
466 1495 551 1573 (resp.
582 1492 609 1556 J.
640 1494 672 1557 C.
707 1493 878 1574 Teutscher)
912 1495 948 1553 de
972 1514 1026 1553 usn
1048 1501 1079 1555 et
1098 1495 1189 1554 abusu
1216 1495 1355 1555 amuleto-

224 1598 297 1655 rnm,
321 1599 378 1638 von
402 1581 515 1638 Brauch
540 1579 597 1636 und
622 1578 783 1638 Misbrauch
808 1580 859 1638 der
879 1575 1042 1657 Anhiangsel
1062 1581 1150 1640 wider
1171 1580 1217 1639 die
1240 1580 1354 1641 Krank·

223 1663 326 1725 heiten.
369 1664 467 1722 Ersnrt
497 1659 589 1726 1720.

181 1747 227 1811 Jo.
248 1747 337 1809 Andr.
360 1749 515 1807 Fischer
539 1767 635 1825 progr.
657 1749 693 1806 de
718 1748 872 1825 priscorum
901 1749 1036 1807 adversus
1058 1748 1191 1808 fascinum
1215 1751 1354 1810 remediis.

224 1833 341 1894 Erford.
368 1827 851 1913 (171117114-13111
881 1834 921 1892 ris
949 1833 1047 1892 fascini
1075 1834 1103 1892 in
1129 1853 1231 1913 corpus
1255 1835 1356 1895 huma·

225 1936 292 1975 num
317 1919 426 1977 medica
448 1924 508 1976 arte
533 1917 651 1980 devicta.
683 1917 750 1980 ibid.
775 1913 865 1980 1724.
888 1913 919 1978 4.

183 2000 276 2059 Carol.
312 2002 378 2064 Chr.
408 2002 547 2061 Krause
568 2003 605 2061 de
630 2002 758 2061 amuletis
785 2003 898 2061 medicis
927 2002 1060 2079 coffl'tata.
1102 1999 1179 2081 Lips.
1208 1997 1301 2064 1758.
1324 2001 1355 2068 4.

183 2085 253 2147 Ero.
277 2086 397 2146 Godofr.
419 2088 624 2162 Baldinger
653 2088 795 2146 alexiteria
821 2095 851 2147 et
880 2087 1103 2166 alexipharmaca
1133 2094 1232 2148 contra
1255 2090 1357 2149 diabo·

226 2171 292 2233 lum.
337 2172 466 2250 Gotting.
493 2167 584 2234 1778.
614 2168 643 2231 4.

184 2255 352 2316 Geschichte
374 2259 424 2317 der
449 2257 669 2316 talismanischen
692 2255 798 2336 Konst,
819 2275 875 2315 von
892 2255 979 2315 ihrem
989 2256 1167 2336 Ursprnnge‚
1189 2255 1357 2335 Fortgange

225 2343 285 2401 und
308 2342 503 2419 Verbreitung.
546 2342 600 2401 Ein
617 2342 735 2418 Beitrag
755 2361 791 2399 zu
807 2341 862 2400 den
882 2341 1027 2417 geheimen
1040 2343 1098 2401 und
1110 2342 1233 2400 hiiheren
1243 2341 1356 2402 111111-

225 2428 319 2486 nissen
344 2428 394 2487 der
418 2426 580 2489 Menschen.
634 2426 804 2485 Germanien
833 2426 954 2506 (Gotho)
979 2421 1070 2491 1792.
1092 2421 1121 2487 8.
1153 2460 1198 2472 -
1219 2422 1289 2492 Non.
1312 2431 1357 2488 tir.

227 2508 319 2575 1802.
342 2508 372 2574 8.
395 2517 507 2586 (Versio
528 2534 588 2568 esse
614 2516 715 2568 dicitur
741 2515 806 2567 libri
826 2516 904 2569 Petr.
930 2515 1010 2571 Frid.
1040 2515 1132 2585 Arpe
1155 2516 1190 2569 de
1214 2517 1357 2587 prodigio-

227 2593 264 2647 sis
281 2601 391 2647 naturae
415 2601 442 2647 ct
459 2593 524 2647 artis
542 2592 665 2663 operibus
679 2591 841 2645 Talismancs
859 2599 887 2645 et
904 2592 1023 2645 Amnleta
1042 2592 1118 2646 dictis
1136 2610 1193 2645 curn
1206 2597 1358 2648 recensione

226 2663 381 2800 alprriptpssrpp
398 2663 473 2716 huius
486 2662 639 2731 argumenti.
674 2663 809 2730 Hamburg
827 2660 903 2717 1717.
921 2661 962 2728 8.;
981 2666 1032 2731 cfr.
1047 2663 1131 2716 llbert
1147 2663 1273 2735 bibliogr.
1292 2665 1356 2721 nex.

183 2802 230 2867 Jo.
261 2805 359 2866 Joach.
385 2804 609 2863 Bellermann
634 2802 761 2862 Versnch
788 2803 858 2863 iiber
879 2804 925 2862 die
952 2803 1090 2861 Gemmen
1117 2804 1169 2863 der
1194 2798 1280 2863 Alten
1308 2805 1358 2863 mit

227 2889 292 2947 dem
318 2887 527 2953 Abraxasbilde.
550 2885 688 2950 3811111.
731 2890 825 2948 Berlin
848 2884 985 2949 1817-
998 2883 1089 2949 1819.
1112 2882 1142 2951 8.
1164 2891 1359 2964 (Archaoologi

229 2986 304 3039 opus,
321 2988 372 3023 non
392 2970 503 3037 medici3
522 2972 569 3023 cfr.
591 2969 649 3026 Jen.
668 2970 736 3040 Allg.
754 2970 808 3023 Lit.
826 2970 895 3026 Zeit.
916 2969 991 3023 1821.
1009 2968 1045 3021 N.
1068 2967 1125 3036 13.)

183 3039 306 3100 Arditi
334 3044 354 3101 il
383 3045 489 3103 fascino
511 3063 528 3102 e
554 3043 695 3100 l’amuleto
725 3050 823 3101 contro
857 3043 903 3102 del
933 3042 1039 3102 fascino
1064 3060 1162 3119 presso
1183 3041 1222 3118 gli
1244 3042 1359 3115 antichi,

228 3127 372 3186 illustrado
399 3129 428 3184 di
451 3147 491 3184 un
518 3129 611 3186 antico
640 3127 722 3186 basso
735 3128 857 3187 -rilievo
884 3129 1032 3186 rinvenuto
1059 3127 1088 3185 in
1115 3146 1153 3184 nn
1176 3128 1259 3187 forno
1286 3129 1359 3187 della

228 3212 296 3271 citta
321 3214 349 3271 (11
371 3212 495 3290 Pompei.
538 3210 644 3290 Napoli
667 3208 757 3272 1825.
779 3207 809 3270 4.

185 3295 247 3360 Jos.
280 3297 401 3357 Emele
438 3298 508 3355 iiber
544 3293 689 3370 Amulete,
726 3298 785 3355 und
822 3315 879 3354 was
911 3296 1016 3354 darauf
1037 3296 1137 3371 Bezng
1162 3293 1221 3357 hat.
1258 3291 1359 3356 111113

228 3383 405 3446 Steintafeln.
448 3377 655 3442 Μ11111817.
679 3378 708 3444 8.
732 3385 912 3454 (Brevissime
934 3384 1037 3453 omnia,
1062 3384 1142 3454 paulo
1167 3383 1254 3437 susino
1287 3385 1360 3439 circa

231 3464 331 3532 phallos
349 3472 377 3518 et
395 3481 463 3533 quae
481 3471 541 3516 sunt
558 3462 634 3530 hujus
653 3462 778 3532 generis.)

185 3533 288 3594 Nicola
318 3537 486 3595 Valletta
518 3535 633 3594 cicalata
664 3537 708 3594 sul
737 3535 841 3594 fascino
873 3533 1066 3609 volgarmente
1103 3534 1183 3593 detto
1212 3533 1360 3610 Jettatnra.

227 3618 333 3699 Napoli
359 3616 450 3681 1836.
473 3615 523 3682 12.
549 3618 613 3678 (ium
640 3620 732 3698 effigie
756 3621 880 3683 antone.
925 3624 979 3692 (De
1000 3623 1062 3677 mali
1084 3622 1155 3676 oculi
1174 3624 1269 3693 specie
1285 3625 1361 3679 Nea-

230 3701 284 3769 poli
302 3718 365 3770 prae
384 3699 478 3754 ceteris
494 3700 620 3766 credita.)

187 3772 263 3848 (Ulr.
284 3774 363 3835 Frid.
392 3773 445 3831 Κο
452 3772 513 3850 pp)
546 3772 701 3850 Explicatio
728 3771 915 3850 inscriptionis
936 3771 1073 3831 obscurae
1102 3772 1131 3831 11
1160 3768 1284 3831 amuleto
1318 3773 1361 3832 in-

229 3858 364 3936 sculptae.
406 3857 580 3933 Heidelberg
603 3851 713 3934 (1832)
734 3851 763 3914 4.
787 3862 858 3931 (cn.
883 3861 981 3930 Ejusd.
1010 3861 1229 3931 Palaeogrnphin
1253 3861 1360 3930 critica,

230 3938 267 3995 T.
281 3939 328 3992 111.
348 3956 371 3994 c.
390 3937 415 3993 8.
434 3955 495 4007 pag.
514 3937 574 3993 611.
594 3946 622 3991 ct
640 3937 687 4006 al.)

186 4007 275 4070 Andr.
301 4009 480 4070 Libavins
503 4012 539 4068 de
562 4011 754 4070 cruentatione
776 4010 943 4069 cadaverum
970 4015 999 4069 et
1028 4012 1064 4068 de
1093 4015 1240 4086 unguento
1268 4030 1361 4070 arma·

228 4098 279 4156 rio.
322 4095 454 4154 Francos.
482 4090 573 4154 1594.
595 4091 624 4158 8.
637 4128 679 4138 -
693 4094 805 4153 Accedit
826 4095 938 4171 epistola
962 4097 1080 4154 auctoris
1101 4094 1135 4154 de
1156 4093 1288 4155 Ponoceo
1303 4096 1360 4155 Ao·

229 4182 349 4241 waldioo
371 4180 467 4238 celebri
496 4186 556 4237 1111
577 4199 676 4238 arcano
701 4179 863 4237 medicinali.

186 4265 262 4329 Petr.
283 4266 434 4325 Servius
455 4270 591 4323 tractatus
614 4265 651 4322 dc
675 4276 820 4340 unguento
845 4264 964 4323 armario
989 4263 1048 4324 sive
1076 4265 1113 4324 de
1135 4270 1256 4326 naturae
1280 4265 1361 4325 artie

229 4332 291 4428 que
306 4350 452 4410 miraculis.
495 4349 577 4410 Rom.
599 4343 693 4408 1642.
715 4343 839 4426 (1643.)
862 4345 892 4409 8.

188 4433 260 4496 Geo.
283 4434 379 4496 Laoc
400 4438 437 4496 de
457 4439 602 4512 unguento
631 4434 759 4494 armario.
793 4431 864 4515 Lips
886 4428 977 4496 1683.
1004 4428 1034 4493 4.
