2874 4974
176 268 218 333 68
431 273 614 354 Comparatio
635 272 789 334 medicinae
810 274 911 332 veterio
936 277 966 330 et
986 291 1085 337 norae.

220 422 298 492 (Cum
317 422 441 477 Facultar
459 424 558 477 medica
575 423 732 478 Pariaienria
749 441 822 477 usum
841 423 1033 477 medicaminum
1049 421 1220 476 chemicorum
1230 425 1343 488 vetaret,

220 491 312 547 medici
331 493 381 546 duo
401 494 613 558 Aurelianenser,
648 494 719 549 Guil.
739 495 872 562 Baucynet
889 501 915 545 et
933 493 1014 545 lsrael
1032 493 1150 558 Harvet,
1184 498 1210 544 et
1228 491 1344 544 medicus

220 561 388 628 Parisiensia,
422 562 478 618 Joe.
496 563 620 615 Duclrene
634 581 655 616 s.
674 563 872 628 Quercetanuc,
892 563 958 613 haec
976 561 1145 616 medicamina
1163 560 1343 626 defenderent,

138 647 141 650 ⁴
220 630 345 684 Riolanus
364 631 431 684 hurrc
444 635 526 702 ipsum
545 632 657 684 libellum
674 649 721 702 pro
742 632 881 684 Facultate
896 632 1001 698 edidit.)

178 721 275 782 Herm.
301 720 466 797 Conring
488 724 524 780 de
545 722 695 780 hermetica
716 719 919 799 Aegyptiorum
943 727 1037 779 vetere
1059 726 1087 778 et
1107 717 1343 778 Paracelsicorum

219 824 293 864 nova
315 807 450 864 medicina
474 807 542 865 liber
567 828 654 883 unus,
684 827 740 882 quo
762 808 847 865 eimul
871 809 899 864 in
920 807 1060 864 Hermetis
1082 804 1260 880 Trismegisti
1283 822 1343 861 om-

219 891 283 956 nia,
315 909 349 949 ac
374 892 530 950 universam
562 912 623 949 cum
654 889 857 969 Aegyptiorum
882 900 942 950 tum
967 891 1161 948 Chemicorum
1188 889 1343 947 doctrinam

219 975 455 1034 animadvertitur.
509 977 682 1039 Helmestad.
709 973 800 1036 1648.
825 975 856 1037 4.
884 1010 923 1019 -
955 976 1081 1034 Acutum:
1117 973 1161 1032 De
1193 974 1344 1032 hermetica

219 1059 355 1118 medicina
377 1059 436 1118 libri
469 1062 537 1132 duo,
559 1082 620 1119 cum
642 1062 819 1140 apologetico
841 1063 974 1119 adversus
997 1062 1061 1118 Olai
1082 1059 1218 1118 Borrichii
1239 1059 1344 1116 calum-

219 1145 288 1210 niae.
330 1144 504 1203 Helmestad.
529 1143 619 1204 1660,
645 1145 676 1205 4.
720 1154 838 1218 (Contra
852 1151 1066 1204 Hermeticorum
1082 1149 1287 1218 antiquitatem
1307 1148 1343 1199 de

220 1223 387 1278 similitudine
403 1226 471 1279 inter
488 1227 622 1280 Paracelsi
640 1235 667 1280 et
683 1228 872 1299 Aegyptiacam
891 1229 1068 1297 medicinam.)

177 1314 436 1459 Joigfflipchpelis
462 1318 498 1376 de
518 1319 653 1376 moderna
674 1320 827 1377 medicinae
852 1319 922 1376 facie
944 1337 1006 1375 cum
1027 1317 1113 1375 veteri
1128 1314 1237 1373 collata.
1262 1311 1342 1391 Lips.

177 1448 310 1547 Floreat.⁸
326 1449 461 1564 Schuyl
486 1506 538 1564 pro
560 1489 645 1546 veteri
667 1489 811 1550 medicina.
855 1486 950 1563 Lugd.
973 1488 1037 1548 Bat.
1064 1492 1093 1544 ct
1117 1484 1234 1543 Amstel.
1249 1476 1342 1543 1670.

222 1565 269 1628 12.
314 1575 425 1642 (Franc.
442 1576 532 1644 Sylvii
545 1578 672 1645 assecla.)

177 1654 284 1731 Georg.
300 1655 408 1734 Caspar
428 1656 649 1716 Kirchmaier
673 1658 836 1734 pathologia
855 1663 936 1714 vetus
954 1662 982 1716 et
1001 1675 1082 1719 nova.
1102 1647 1342 1717 7116616858.

177 1739 195 1796 J
202 1741 332 1799 oubett
358 1740 502 1818 (Jobertt)
521 1743 703 1818 justificatior
729 1744 778 1800 des
799 1744 919 1814 anciens,
947 1744 984 1799 oia
1008 1741 1064 1800 l’on
1086 1741 1137 1816 fait
1158 1740 1228 1811 voir,
1259 1736 1342 1814 qu'ils

58 1860 62 1867 ·
174 1892 176 1897 ¹
220 1832 270 1883 ont
294 1843 342 1896 su,
379 1845 411 1884 ce
438 1845 493 1901 que
525 1828 564 1884 les
590 1829 738 1886 modernas
760 1847 830 1885 nous
859 1829 984 1886 ‹lebitent
1009 1847 1044 1885 en
1066 1827 1210 1885 medecina
1234 1840 1342 1882 comme

219 1910 269 1968 des
299 1909 440 1968 nouvelles
462 1912 652 1970 decouvertes.
696 1912 773 1968 Paris
796 1907 888 1972 1690.
913 1909 961 1971 12.

174 1991 222 2056 Jo.
247 1991 350 2051 Abrah.
373 1994 551 2054 Merclrlin
575 1999 610 2055 dc
635 1998 748 2055 feliciori
773 2018 846 2054 nunc
872 2016 955 2073 quam
977 1995 1042 2054 olim
1064 1996 1201 2054 medicina
1223 1992 1342 2071 plurima

217 2080 380 2137 neotericor.
401 2083 514 2139 inventa
540 2085 647 2140 medica
671 2084 791 2140 breviter
813 2083 1008 2159 complectens.
1051 2081 1149 2139 Patav.
1172 2074 1264 2139 1696.
1286 2073 1316 2136 4.

174 2161 290 2222 Francis
323 2158 550 2226 elifton'the
575 2176 647 2225 state
679 2169 714 2224 of
741 2168 856 2246 physick
881 2168 991 2225 ancient
1019 2167 1076 2224 and
1098 2166 1215 2224 modern
1240 2164 1341 2238 brielly

218 2250 391 2313 considered.
439 2250 533 2310 Lond.
560 2248 651 2316 1732.
680 2248 709 2313 8.
736 2285 780 2296 -
811 2252 916 2310 Gallice
941 2271 998 2310 com
1023 2251 1214 2308 additamentis
1238 2248 1277 2306 M.
1305 2246 1340 2310 L.

215 2335 252 2394 D.
279 2335 312 2397 F.
338 2334 576 2417 (Dessontaines).
619 2338 698 2396 Paris
722 2333 813 2399 1742.
839 2334 868 2402 8.
918 2341 1160 2411 (Hippocraticam
1182 2336 1342 2391 medicinam

172 2419 401 2560 Friieciuiiiuel
417 2510 453 2549 an
469 2492 605 2551 medicina
622 2511 719 2551 recens
734 2493 849 2567 antiqua
866 2490 1076 2569 praestantior?
1097 2489 1182 2547 Paris.
1201 2483 1293 2548 1733.
1305 2482 1339 2544 4.

173 2571 289 2633 Niccolo
315 2575 460 2634 Graniti
483 2577 546 2634 dell'
569 2578 660 2635 antica
685 2599 701 2635 e
722 2579 856 2634 moderna
882 2578 1017 2634 medicina
1038 2577 1171 2634 tcoretica
1197 2593 1213 2632 e
1234 2571 1341 2650 pratica

213 2661 461 2719 meccanicamente
482 2662 624 2725 illustrata.
669 2663 773 2723 Venez.
800 2657 892 2720 1739.
915 2656 945 2722 4.

170 2755 245 2818 John
267 2762 400 2819 Barker
421 2781 501 2838 cssay
525 2784 561 2820 on
595 2763 642 2821 the
673 2768 835 2839 agreement
862 2763 975 2820 betwixt
999 2762 1111 2820 ancient
1135 2761 1192 2818 and
1221 2760 1339 2816 modern

213 2844 370 2922 physicians
403 2865 434 2902 or
467 2866 484 2903 a
517 2850 692 2925 comparison
715 2850 840 2906 between
872 2848 919 2906 the
941 2848 1062 2924 practice
1087 2848 1120 2903 of
1139 2846 1338 2923 Hippocrates,

214 2928 320 3002 Galen,
347 2930 509 3006 Sydenham
531 2936 587 2991 and
612 2933 777 2991 Boerhaave
801 2934 828 2990 in
850 2937 932 2990 acute
954 2933 1084 2990 diseases.
1127 2929 1220 2992 Lond.
1246 2922 1337 2989 1747.

211 3007 241 3089 8.
265 3045 309 3058 -
332 3013 408 3077 Gall.
429 3023 496 3082 vert.
517 3018 655 3095 R.(alpl1)
685 3019 920 3093 Schomberg.
964 3015 1078 3078 Amstel.
1117 3010 1208 3073 1749.
1236 3008 1285 3076 12.
1311 3018 1338 3069 et

212 3093 295 3159 Anna
328 3099 392 3157 Carl
414 3099 537 3179 Lorry.
573 3102 651 3161 Paris
678 3097 770 3162 1768.
794 3098 845 3165 lt.
872 3134 913 3145 -
938 3100 1035 3160 Italico
1060 3101 1137 3164 Giac.
1160 3097 1338 3158 Panaoni.

212 3180 316 3242 Vener.
341 3178 432 3246 1773.
459 3181 488 3245 8.
555 3236 556 3241 .
1228 3236 1232 3245 -

170 3263 284 3331 Gualth.
312 3288 379 3329 van
402 3269 590 3332 Doereren
623 3293 713 3331 sermo
745 3275 782 3331 de
806 3271 991 3330 recentiorum
1023 3269 1142 3328 inventis
1172 3266 1338 3325 medicinam

210 3352 373 3412 hodiernam
395 3358 482 3414 veteri
503 3361 735 3435 praestantiorem
761 3357 951 3416 reddentibus.
992 3355 1085 3430 Lugd.
1110 3354 1175 3414 Bat.
1200 3346 1291 3413 1771.
1306 3345 1336 3412 4.

167 3434 214 3498 Jo.
236 3437 423 3583 Mich.7r7lug.
449 3441 646 3518 Jagemann
680 3445 716 3502 de
741 3451 838 3501 nostra
864 3448 893 3500 et
916 3443 1070 3520 priscorum
1094 3438 1240 3498 medicina.
1283 3435 1339 3493 Er-

210 3521 325 3583 furdl
370 3521 399 3582 2.
424 3521 455 3588 4.

169 3600 235 3664 Ant.
263 3605 336 3664 Guil.
363 3608 450 3667 Plaz
475 3631 570 3688 progr.
597 3613 715 3690 priscam
739 3618 768 3671 et
788 3611 969 3670 recentiorem
1002 3608 1165 3666 medicinam
1193 3623 1339 3662 commen-

211 3691 291 3749 dana
335 3690 411 3770 Lips.
440 3689 531 3754 1783.
553 3691 584 3756 4.
629 3702 745 3771 (Neque
759 3701 938 3769 antiquiorem
953 3716 1040 3767 neque
1054 3696 1237 3751 recentiorem
1252 3692 1338 3746 medi-

211 3769 294 3826 cinam
311 3773 387 3826 unice
402 3792 460 3828 esee
478 3775 617 3842 colendam,
635 3778 681 3830 aed
700 3778 833 3846 utriusque
851 3777 962 3830 studium
981 3793 1039 3828 esse
1057 3770 1289 3843 conjungendum.)

170 3855 205 3917 l.
237 3861 268 3918 S.
300 3881 366 3921 van
392 3864 453 3923 der
476 3866 733 3926 Boon-Mesch
755 3868 939 3942 redevooring
964 3883 1030 3922 over
1052 3864 1088 3921 de
1120 3857 1338 3935 voortreffelijlr-

209 3944 275 4002 held
303 3947 355 4005 der
373 3949 606 4026 hedendaagschc
628 3953 791 4011 heellcunde.
836 3951 916 4009 Delft
942 3944 1033 4011 1700,
1060 3944 1090 4009 8.

167 4026 237 4087 Karl
258 4030 352 4089 Himl
359 4054 377 4110 y
399 4035 468 4092 iiber
493 4037 585 4112 einige
609 4037 702 4096 wahre
724 4038 782 4097 und
807 4036 967 4095 scheiubare
988 4028 1271 4092 Verschiedenlreiten
1287 4029 1337 4086 dea

208 4114 297 4210 dltepn
319 4119 377 4176 und
398 4137 503 4179 ueuern
524 4120 759 4182 Heilvcrfahrens.
787 4121 1005 4196 Braunschweig
1031 4112 1124 4179 1801.
1146 4109 1176 4173 8.
1221 4118 1334 4186 (Progn

169 4196 366 4328 Griiiimiliiair.
392 4271 535 4330 Gruner
567 4272 700 4352 (auctore
722 4280 802 4353 patre
825 4274 892 4336 Chr.
918 4274 1038 4332 Godosr.
1058 4268 1190 4343 Gruner)
1218 4284 1336 4341 concor·

211 4352 270 4488 dipe
284 4355 440 4506 mpdicinae
465 4358 566 4418 veteris
598 4365 627 4417 et
660 4378 751 4419 novae
774 4361 922 4420 vindicata.
977 4358 1041 4419 Jen.
1067 4349 1160 4418 1806.
1181 4347 1210 4411 8.
1263 4355 1335 4423 (Pro

210 4449 244 4486 ve
271 4452 303 4493 n.
722 4463 723 4466 ¹
