2874 4974
146 301 190 366 58
584 304 723 367 Medicina
746 307 870 384 antiqua.

189 461 234 518 Jo.
256 457 357 519 Ludw.
379 458 553 518 Bianconi
575 459 798 519 Sendschreiben
820 460 891 519 iiber
913 460 967 519 den
989 459 1024 524 A.
1047 460 1133 524 Corn.
1156 460 1256 521 Celsus
1276 481 1313 520 an

189 547 245 605 deu
277 543 336 603 Abt
360 545 438 603 Hier.
470 544 638 603 Tiraboschi
675 545 757 605 nebst
788 547 864 605 einer
888 546 1031 604 Zuschrill
1063 567 1120 606 von
1152 546 1219 605 Carl
1244 547 1311 612 Chr.

188 629 338 695 Krause.
383 628 480 707 Leipz.
503 623 597 692 1781.
623 625 652 693 8.
697 634 818 701 (Doctae
839 635 1046 705 disquisitiones
1066 638 1101 689 de
1120 637 1197 688 Celsi
1218 645 1312 690 aetate

102 732 103 735 ¹
188 730 238 765 uon
255 712 288 764 ed
305 710 406 764 Tiberii
423 711 468 763 scd
487 710 521 762 ad
539 711 651 779 Augusti
668 715 786 781 tempora
803 713 972 783 pertinente.)

145 785 223 844 Gius.
246 783 313 844 Ant.
339 784 386 842 del
412 783 577 860 Chiappa
598 785 710 842 intorno
735 785 788 843 alle
809 805 894 862 opere
915 805 931 843 e
952 785 1006 844 alla
1026 785 1192 844 condicione
1213 805 1311 864 perso-

186 869 250 930 nale
275 870 320 927 die
342 866 414 926 Aulo
437 868 522 930 Corn.
548 868 640 927 Celso.
676 868 780 927 Milauo
808 865 897 929 1819.
924 865 973 928 12.
1018 876 1065 943 (C.
1080 875 1310 929 fuissemedicum

148 973 151 976 ⁴
188 950 317 1017 clinicum,
336 949 479 1020 praecipue
496 966 559 1002 vero
578 949 741 1018 chirurgum‚
765 951 856 1003 librum
874 967 947 1005 suum
965 969 1015 1005 non
1036 952 1141 1004 medicis
1159 952 1241 1006 solum
1261 953 1309 1007 sed

185 1019 324 1088 unicuique
342 1019 502 1084 destinasse3
521 1018 570 1076 Ch.
589 1019 659 1071 Celsi
677 1018 757 1072 libros
775 1027 835 1072 octo
853 1020 910 1076 ital.
928 1029 997 1076 vert.
1016 1021 1114 1074 Milano
1134 1021 1208 1078 1828.
1226 1022 1267 1090 8.)
1367 1035 1368 1041 ’

143 1110 235 1170 Maur.
268 1108 343 1166 Guil.
371 1107 559 1183 Schilling
589 1108 716 1183 quaestio
743 1110 779 1168 de
810 1109 896 1173 Corn.
924 1110 997 1168 Celsi
1019 1110 1085 1167 vita.
1129 1110 1198 1168 Pars
1219 1111 1308 1189 prior,

186 1197 223 1253 de
244 1195 319 1252 Celsi
341 1198 443 1265 aetate,
467 1193 534 1252 diss.
556 1193 651 1268 inaug.
694 1192 771 1271 Lips.
795 1188 886 1253 1824.
913 1190 941 1253 8.
971 1206 1308 1276 (cfr.„cetsus·‘inmr³0h

184 1294 212 1332 u.
233 1277 336 1328 Gruter
354 1277 459 1344 allgem.
478 1275 621 1342 Eucylclop.
640 1275 665 1326 d.
691 1275 918 1343 Wisserrschaslen
934 1294 961 1332 u.
980 1278 1081 1329 liriorta
1101 1277 1152 1331 Bu.
1173 1276 1212 1334 16.
1234 1277 1308 1334 &24

181 1349 228 1417 fg.
250 1344 364 1412 ejusdem
383 1342 512 1408 auctoris;
531 1343 566 1395 nil
583 1343 692 1412 amplius
709 1344 829 1413 prodiit.)

143 1418 214 1477 Geo.
235 1416 414 1477 Matthiae
439 1416 525 1494 (resp.
548 1415 614 1474 Seb.
644 1417 711 1474 Chr.
736 1416 886 1498 Kortholt)
909 1417 974 1474 diss.
998 1418 1034 1474 de
1057 1417 1143 1476 Corn.
1160 1418 1235 1476 Celsi
1249 1438 1307 1479 me-

184 1503 282 1561 dicina.
326 1501 454 1577 Gotting.
482 1495 573 1560 1766.
594 1495 624 1559 4.

140 1584 234 1647 Alexis
260 1586 605 1645 Lullier-Winslou
627 1585 785 1663 exposition
807 1586 844 1645 de
864 1585 892 1644 la
913 1585 1039 1645 doctrine
1060 1587 1097 1645 de
1118 1587 1212 1650 Celse.
1240 1590 1307 1661 (Pa-

182 1676 220 1732 ris
241 1667 366 1748 18107)
386 1666 417 1733 8.

140 1759 225 1818 Mich.
250 1758 316 1815 Chr.
348 1756 420 1819 Just.
446 1754 683 1813 Eschenbach
715 1756 795 1833 epist.
829 1755 962 1831 gratulat.
988 1756 1024 1814 ad
1049 1755 1085 1814 G.
1110 1755 1146 1822 L.
1170 1757 1306 1834 wochara,

183 1845 219 1902 de
244 1841 327 1900 Celso
350 1861 408 1899 uon
430 1841 537 1898 medico
558 1841 690 1919 practico.
733 1840 810 1920 Lips.
834 1837 926 1902 1772.
951 1835 982 1901 4.

139 1929 228 1989 Henr.
252 1927 327 1989 Guil.
350 1926 558 1984 Romansou
581 1921 682 2002 (praes.
705 1925 778 1984 Pehr
800 1945 828 1985 v.
853 1925 993 2002 Afzelius)
1017 1926 1082 1989 diss.
1099 1927 1306 2004 inaugohser-

183 2014 307 2071 vationes
328 2011 356 2068 in
378 2012 541 2068 medicinam
564 2010 628 2069 Auli
653 2010 737 2069 Corn.
761 2011 844 2068 Celsi.
888 2006 1101 2089 Upsal.1803.
1126 2007 1155 2070 4.

139 2098 217 2162 Hier.
239 2097 383 2155 Rubeus
405 2094 526 2173 (Geron.
544 2095 638 2172 Rossi)
656 2098 853 2155 annotationes
874 2095 902 2154 in
925 2095 1011 2152 libros
1032 2104 1097 2154 octo
1120 2098 1206 2156 Corn.
1221 2097 1305 2162 Celsi.

182 2183 282 2242 Venet.
293 2176 384 2240 1616.
392 2176 422 2240 4.
439 2185 551 2253 (Comm.
566 2187 625 2237 iere
636 2192 802 2255 perpetuus;
817 2187 852 2241 R.
864 2184 969 2252 †1607‚
982 2184 1053 2238 edid.
1061 2186 1304 2255 Francisc.filius.)

138 2269 184 2330 lo.
206 2269 283 2328 Frid.
310 2266 472 2324 Clossius
494 2285 567 2343 spec.
589 2266 816 2324 observationum
839 2267 994 2324 criticorum
1014 2267 1042 2324 iu
1062 2266 1099 2330 A.
1128 2269 1213 2326 Corn.
1238 2270 1305 2328 Cel·

181 2375 251 2413 sum.
295 2350 413 2409 Accedit
435 2351 553 2410 diatrihe
575 2353 611 2409 de
636 2351 794 2409 salsamenti
819 2370 837 2408 a
859 2352 943 2408 Celso
964 2353 1001 2408 ad
1025 2353 1124 2410 vulnus
1144 2373 1240 2413 morsu
1261 2356 1305 2413 sa·

180 2447 255 2498 ctum
281 2439 467 2495 commendati
488 2436 700 2512 significatione.
743 2437 822 2511 Traj.
849 2437 887 2492 ad
908 2436 997 2494 Rheu.
1019 2431 1110 2500 1768.
1131 2435 1161 2496 4.

136 2525 183 2588 Jo.
209 2523 308 2583 Jacob.
340 2523 446 2580 Baier
477 2522 666 2599 schediasma,
703 2541 760 2597 quo
789 2522 945 2579 institutum
967 2539 1047 2578 suum
1069 2523 1105 2580 de
1125 2520 1193 2581 Aur.
1217 2524 1303 2582 Corn.

180 2610 263 2668 Celso
285 2609 323 2664 ad
343 2607 476 2682 majorem
498 2606 689 2683 philiatrorum
711 2606 857 2665 utilitatem
882 2607 1121 2664 accommodando
1145 2609 1235 2685 aperit
1260 2615 1304 2667 at-

180 2715 235 2772 que
261 2693 446 2764 commendat.
489 2690 591 2749 Altorf.
616 2685 705 2750 1720.
728 2686 756 2750 4.
802 2696 911 2763 (Editio
927 2695 987 2764 ipsa
1000 2714 1054 2748 non
1068 2696 1196 2765 prodiit.)

136 2791 210 2870 Aug.
235 2795 398 2852 Aenotheus
424 2793 554 2853 Weber
575 2794 714 2870 specimen
736 2811 827 2850 novae
854 2793 983 2852 editionis
1011 2790 1076 2850 Auli
1109 2793 1194 2852 Corn.
1217 2795 1301 2856 Celsi.

178 2878 243 2941 Hal.
271 2874 361 2939 1788.
386 2873 416 2936 4.
461 2882 565 2950 (Editio
579 2882 641 2953 ipsa
655 2901 707 2935 non
721 2882 848 2951 prodiit.)

136 2964 201 3022 Car.
224 2963 291 3020 Glo.
316 2963 419 3021 Kiihn
454 2983 548 3041 progr.
575 2963 680 3025 l—lV.
717 2959 751 3026 A.
775 2964 858 3025 Corn.
881 2962 955 3021 Celsi
976 2962 1062 3020 editio
1088 2981 1163 3020 nova
1184 2972 1302 3043 exopta-

178 3053 231 3106 tur.
275 3048 352 3125 Lips.
376 3043 467 3112 1821.
491 3043 583 3107 1822.
607 3043 638 3107 4.
683 3046 769 3127 (Cum
791 3052 898 3105 notitiis
922 3054 956 3105 de
977 3053 1057 3108 editt.
1078 3053 1170 3118 Celsi;
1203 3055 1302 3107 desunt

179 3129 245 3182 haee
263 3146 365 3199 progrr.
386 3127 412 3180 iu
430 3128 563 3200 Opuscc.)

134 3200 209 3265 Lud.
236 3202 421 3261 Choulant
441 3203 609 3281 prodromus
630 3219 720 3259 novae
742 3201 871 3259 editionis
892 3197 957 3260 Auli
971 3200 1056 3265 Corn.
1073 3202 1147 3261 Celsi
1167 3202 1302 3262 librorum

68 3295 74 3307 “
177 3293 241 3348 octo
267 3291 304 3347 de
329 3288 473 3347 medicina.
517 3287 592 3345 luest
612 3292 764 3364 apparatus
787 3286 872 3345 critici
886 3293 1026 3346 tentameu
1042 3287 1300 3366 bibliographicum.

175 3372 254 3452 Lips
278 3369 369 3433 1824.
391 3369 420 3431 4.
465 3376 612 3443 (Codicum
626 3394 706 3444 mss,
731 3376 887 3444 editionum,
908 3377 1073 3443 versionum,
1089 3378 1301 3448 scriptorumil-

176 3456 338 3508 lustrentium
358 3454 428 3507 Celsi
446 3453 586 3522 descriptio
605 3460 632 3506 et
650 3453 819 3522 dijudicati03
837 3454 872 3505 42
890 3454 986 3523 pagg.)

132 3527 179 3588 Jo.
200 3528 285 3604 Bapt.
312 3527 502 3603 Morgagni
529 3528 557 3584 in
586 3523 649 3585 Aul.
685 3528 770 3584 Corn.
799 3527 911 3585 Celsum
934 3534 962 3584 et
988 3526 1024 3595 Q.
1047 3527 1144 3589 Seren.
1168 3527 1299 3585 Samoni-

176 3631 237 3669 cum
270 3612 420 3687 epistolae,
453 3613 482 3668 iu
513 3612 614 3687 quibus
640 3613 676 3669 de
702 3613 847 3686 utriusque
868 3612 987 3669 auctoris
1012 3612 1093 3668 variis
1117 3609 1297 3684 editionibus,

174 3695 250 3753 libris
275 3714 389 3771 quoque
421 3695 614 3774 manuscriptis
645 3702 674 3753 et
704 3696 969 3754 commentatoribus
995 3697 1145 3753 disseritur.
1200 3695 1298 3756 Patav.

176 3774 267 3840 1721.
293 3775 322 3838 8.
365 3781 441 3855 Hag.
464 3780 544 3848 Com
569 3773 659 3838 1724.
685 3774 714 3837 4.
759 3777 827 3839 Nov.
851 3781 942 3838 tilulo:
962 3779 1132 3855 Lugdssat.
1157 3775 1249 3840 1735.
1267 3775 1296 3841 4.

174 3897 217 3907 —
243 3862 386 3941 Epistolue
408 3871 537 3943 quatuor,
562 3884 628 3942 quae
656 3864 766 3923 redeunt
791 3869 819 3923 ia
848 3863 918 3924 Celsi
946 3865 1061 3923 editione
1082 3865 1178 3922 Patav.
1204 3859 1297 3930 17'22.

176 3955 201 4006 et
222 3968 278 4007 cum
297 3969 344 4008 sex
366 3950 430 4007 aliis
452 3949 568 4026 epistolis
589 3968 666 4026 super
687 3949 778 4006 euclem
798 3970 827 4006 re
847 3953 877 4007 irc
899 3950 973 4007 editt.
993 3947 1062 4006 Celsi
1085 3949 1183 4011 Patav.
1203 3943 1296 4009 1750.

173 4027 203 4096 8.
241 4033 339 4093 Venet.
363 4029 455 4093 1763.
477 4030 506 4093 8.
535 4033 630 4109 Lugd.
653 4034 716 4092 Bat.
741 4029 834 4094 1785.
860 4029 889 4092 4.
918 4039 1034 4110 Argent.
1058 4029 1149 4093 1806.
1176 4029 1205 4096 8.
1229 4038 1298 4094 sicul

172 4121 203 4176 r'u
223 4118 373 4195 Morgagni
396 4139 506 4196 opuscc.
529 4118 676 4179 miscellan.
712 4118 810 4177 Venet.
833 4114 923 4180 1763.
947 4121 977 4192 f.,
1004 4117 1126 4198 Neapoli
1148 4113 1241 4179 1763.
1267 4115 1297 4184 4.

175 4200 284 4266 (Omnes
303 4202 353 4254 bae
370 4200 496 4271 epistolae
514 4207 586 4252 recte
603 4198 690 4268 magni
708 4200 896 4268 aestimantur.)

131 4289 196 4348 Car.
218 4291 284 4349 Chr.
310 4289 450 4350 Krause
471 4307 566 4369 progr.
594 4308 651 4365 quo
672 4287 706 4347 A.
730 4290 763 4349 C.
780 4290 854 4350 Celsi
880 4293 917 4350 de
937 4309 968 4351 re
989 4292 1097 4350 medica
1117 4288 1203 4348 libros
1226 4309 1296 4367 qua-

173 4379 238 4432 tuor
262 4377 431 4454 posteriores
454 4375 612 4436 emeudat·
636 4374 715 4453 Lips.
739 4370 829 4436 1762.
851 4372 882 4440 4.

130 4457 213 4520 Mart.
235 4461 252 4518 J
259 4462 419 4522 acobsen
441 4460 507 4523 diss.
523 4462 560 4519 de
581 4461 697 4538 antiqua
717 4463 871 4522 medicinae
892 4461 1027 4522 divisione
1048 4461 1075 4520 iu
1099 4456 1298 4541 destructoris,
