2874 4974
613 299 852 378 Pharmacologia.
1256 298 1317 363 197

146 449 223 508 Rud.
238 446 388 526 Augustin.
413 450 528 527 Vogel
549 450 664 510 bistoria
692 455 824 512 materiae
851 455 976 514 medicae
1004 457 1040 513 ad
1069 457 1219 515 novissima
1243 461 1315 515 tem-

190 554 261 612 pora
293 537 441 613 producta.
468 535 562 611 Lugd.
577 537 611 600 B.
634 531 725 600 1758.
738 534 785 610 8.;
810 539 941 597 Francos.
959 546 988 598 et
1003 539 1080 618 Lips.
1099 536 1190 602 1760.
1202 536 1251 613 8.;
1276 541 1313 598 ib.

191 614 284 679 1774.
306 616 352 693 8.;
375 616 522 683 101784.
543 616 574 681 8.
610 635 681 702 (Νοιι
705 644 777 688 recte
795 636 905 689 historia
922 655 954 690 m.
978 655 1010 693 m.
1029 637 1134 703 dicitur,
1153 656 1210 692 cum
1228 638 1315 760 potius

192 702 368 770 compendium
387 701 611 771 pharmacologiae
629 706 714 770 sistat,
732 705 840 775 antiqua
858 715 886 759 et
903 723 970 759 nova
990 717 1162 777 pertractans,
1181 708 1215 760 ad
1248 708 1315 760 isto·

190 770 254 822 riam
272 772 354 822 multa
369 773 526 839 continens.)

145 840 254 900 Friedr.
283 844 390 902 Gtrhilf
407 844 555 920 Voigtel
587 845 791 922 vollstiindiges
814 848 925 923 System
951 848 1001 907 der
1031 846 1313 926 Arzneymittellehre.

188 928 365 1004 Herausgeg.
390 950 415 986 v.
438 929 508 987 Karl
529 929 594 986 Glo.
617 930 729 987 Kiibn.
755 927 779 989 l.
795 932 849 995 Bd.
871 931 968 1010 Leipz.
996 929 1086 997 1816,
1109 932 1138 994 8.
1159 945 1314 1009 (Historiam

191 1018 219 1060 et
235 1010 396 1092 literaturam
415 1011 641 1093 pharmocologiae
659 1011 790 1080 copiosam
810 1013 1130 1096 babetninuintroductione
1147 1017 1228 1068 totius
1241 1013 1310 1095 librl3

191 1096 321 1212 iiiiii}
340 1080 1313 1220 stlattas?..lltltttltlt'tuitii‘lgltl‘al‘tdt

190 1234 243 1268 ooo
261 1219 311 1269 den
332 1219 492 1269 chemisclten
512 1219 677 1271 Heilmitteln
695 1229 743 1272 etc.
760 1222 813 1274 ool.
834 1222 854 1273 1.
872 1221 1078 1289 pagus-150,
1094 1223 1312 1291 etSupplemeat-

191 1286 264 1338 band
277 1304 345 1358 pag.
361 1285 461 1352 7-393
479 1287 554 1338 Bonn
573 1285 649 1343 1825.
666 1289 707 1354 8.;
726 1288 788 1341 ibid.
812 1287 887 1343 1834.
905 1290 945 1355 8.)

145 1357 192 1415 Jo.
218 1359 324 1434 Traug.
347 1358 444 1417 Noth
467 1361 573 1437 optima
593 1363 795 1419 medicamenta
817 1361 940 1419 barbaris
970 1362 1064 1419 deberi
1091 1364 1229 1438 gentibus.
1262 1360 1313 1419 V·

189 1444 248 1505 leb.
271 1439 362 1502 1787.
384 1445 413 1504 4.
434 1458 574 1525 (Exempla
592 1466 651 1510 sunt
671 1459 742 1523 Aloe,
762 1458 832 1512 Bals.
850 1458 956 1525 Perua,
976 1459 1073 1528 Chion,
1094 1459 1230 1523 Columbo,
1248 1461 1313 1512 Flo-

192 1541 234 1576 res
252 1525 364 1592 Eryngii
383 1527 460 1594 plani,
480 1526 1069 1597 Gusjakdalaps,Ipeeacuanta,1.0beli'a,
1089 1528 1237 1593 Olennder‚
1262 1529 1313 1582 Ni-

192 1595 304 1659 cetiana,
323 1595 431 1647 Pareira
450 1598 540 1658 brava,
560 1597 684 1661 Quassia,
701 1597 810 1661 Rheum,
827 1597 901 1648 Rbus
920 1597 1048 1662 coriaria,
1074 1598 1227 1665 Sassasrm,
1247 1599 1312 1652 Sar-

190 1663 323 1733 saparilla,
342 1664 454 1733 Senega,
473 1665 651 1735 serpentaria,
670 1667 817 1734 smarnos,
836 1665 954 1738 Spigelia
972 1666 1103 1733 anthelm.)

184 1861 186 1866 ·
263 1821 324 1917 Ιι.
382 1821 581 1918 Libro·
616 1822 1195 1942 prmrnmootoptct.

146 1974 214 2036 Em.
239 1976 360 2034 Godosr.
382 1977 587 2052 Baldinger
605 1977 750 2053 catalogus
773 1979 1008 2048 dissertationum,
1031 1998 1105 2053 quae
1126 1979 1312 2036 medicamen·

188 2066 281 2118 torum
318 2061 477 2131 historiam,
509 2063 568 2119 fata
593 2067 622 2118 et
654 2063 725 2119 vires
761 2071 912 2139 exponunt.
964 2063 1138 2138 Altenburgi'
1156 2057 1248 2125 1768.
1282 2058 1312 2121 4.

188 2145 289 2204 Editio
311 2147 398 2204 altera
420 2147 529 2204 multum
553 2152 647 2204 aucta:
677 2145 850 2205 Litteratura
875 2148 1001 2205 universa
1023 2150 1155 2207 materiae
1178 2148 1312 2218 medicae,

188 2231 385 2300 alimentariae,
406 2232 603 2307 toxicologiae,
624 2232 800 2308 pharmaciae
824 2239 852 2289 et
874 2233 1016 2310 therapiae
1044 2232 1197 2308 generalis,
1223 2234 1312 2292 medi-

187 2336 237 2374 cae
259 2323 343 2392 atque
366 2317 546 2392 chirurgicae,
568 2317 741 2392 potissimum
764 2318 929 2375 academica.
994 2316 1138 2392 Marburgi
1166 2312 1258 2376 1793.
1280 2312 1310 2380 8.

189 2397 286 2459 (Multa
308 2399 413 2465 collegit
431 2407 523 2450 auctor
540 2397 691 2465 praesertim
710 2400 781 2450 circa
799 2398 899 2466 scripta
918 2397 1025 2461 minora,
1045 2399 1119 2465 deest
1135 2400 1269 2451 accuratio
1284 2399 1311 2450 in

187 2467 272 2519 titulis
290 2467 434 2519 indicandis
451 2465 613 2532 necessaria3
632 2467 673 2520 ed.
694 2467 778 2519 altera
804 2468 882 2519 habet
905 2466 939 2519 20
959 2476 988 2520 et
1008 2466 1060 2522 360
1077 2484 1156 2539 pagg.
1175 2477 1205 2522 ot
1221 2477 1310 2543 syste-

185 2536 305 2588 maticum
322 2537 440 2605 sequitur
458 2536 594 2601 ordinem.)

215 2715 268 2786 c.
327 2691 884 2811 Puormocotopta
912 2691 1234 2790 ueterum.

139 2863 217 2922 Rud.
241 2863 314 2921 Guil.
346 2864 488 2922 Krausc
519 2884 614 2943 progr.
644 2864 680 2922 de
710 2865 857 2923 temerario
889 2866 1064 2941 quorundam
1097 2866 1261 2944 simplicium
1291 2881 1308 2922 a

184 2949 281 3026 priscis
303 2951 559 3008 commendatorum
586 2957 735 3011 contemtu.
778 2950 839 3012 Jen.
866 2946 962 3010 1700.
987 2945 1019 3011 4.

140 3031 231 3092 Andr.
257 3035 302 3098 El.
332 3035 495 3093 Biicbner
521 3035 608 3113 (resp.
630 3035 757 3114 Voigtel)
781 3037 846 3094 diss.
869 3037 905 3094 de
921 3035 1056 3093 obsoletis
1075 3035 1241 3111 quibusdam
1262 3053 1307 3093 re·

184 3121 283 3177 mediis
302 3121 484 3195 frequentiori
505 3141 557 3178 usu
578 3122 763 3179 restituendis.
806 3121 871 3179 Hal.
900 3116 990 3181 17οἳΙ
1013 3117 1043 3180 4.

139 3202 165 3261 J.
189 3203 217 3263 J.
246 3204 341 3262 Loos
366 3207 577 3280 systematische
601 3207 812 3282 Bescbreibung
832 3208 883 3264 der
903 3225 999 3263 ausser
1020 3204 1168 3262 Gebrauclr
1189 3204 1306 3280 gekom-

183 3308 282 3347 menen
304 3290 504 3352 Arzneimittel.
548 3290 714 3349 Darmstadt
735 3288 825 3349 1808.
841 3286 870 3348 8.
900 3297 1011 3364 (Parum
1035 3294 1166 3346 historice
1187 3293 1306 3345 conscri-

182 3379 242 3440 ptus
260 3371 325 3423 liber
343 3370 493 3438 Murrayum
511 3371 653 3441 praecipue
670 3372 809 3440 sequitur.)

137 3440 183 3505 Jo.
221 3445 361 3502 Bouros
405 3445 526 3520 (Burus)
571 3445 637 3507 diss.
682 3446 777 3520 inaug.
810 3445 847 3499 de
877 3441 1104 3520 pharmacologia
1132 3439 1303 3499 Graecorum

181 3535 304 3586 veterum
329 3530 357 3586 in
379 3548 490 3604 genere.
522 3529 587 3586 Hal.
608 3525 699 3589 1829.
720 3525 749 3592 8.
779 3542 889 3609 (Auctor
910 3540 937 3592 in
963 3539 1029 3593 Chio
1051 3537 1136 3593 insula
1153 3548 1230 3593 natus
1248 3557 1303 3593 ma-

181 3609 284 3662 dicinae
302 3611 402 3662 studuit
419 3610 551 3678 Tergesti‚
572 3611 742 3664 Vindobonae
759 3619 787 3663 et
804 3610 900 3676 Halis.)

135 3681 181 3741 Jo.
210 3683 310 3741 Franc.
338 3684 432 3741 Rota
463 3685 500 3741 de
528 3685 741 3744 introducendis
771 3684 942 3742 Graecorum
969 3682 1193 3744 medicaminibus
1224 3681 1301 3741 liber.

179 3768 402 3826 Commentarius
429 3753 496 3825 sa'ne
522 3770 550 3829 in
578 3771 677 3829 Galerii
704 3770 720 3827 l.
746 3769 768 3831 l.
795 3771 831 3827 de
856 3768 1057 3844 compositione
1085 3770 1303 3831 medicamento-

178 3873 238 3910 rum
264 3874 314 3931 per
331 3873 444 3927 genera.
488 3855 599 3917 Bonon.
622 3851 713 3914 1553.
737 3856 775 3927 fs.
795 3856 832 3916 ib.
862 3848 953 3912 1575.
969 3853 1018 3924 4.;
1041 3854 1133 3913 Antw.
1157 3848 1248 3912 1585.
1270 3850 1300 3912 4.

178 3934 352 4004 (Simplicium
371 3936 506 4001 catalogus
523 3953 580 3987 oum
598 3936 662 3988 locis
680 3943 796 3987 veterum
815 3943 842 3986 et
859 3935 928 3986 notis
947 3934 1084 4002 auctoris.)

131 4007 206 4066 Just.
232 4007 405 4065 Mollerus
431 4008 555 4086 (Miller)
578 4009 723 4067 fasciculus
744 4009 929 4066 remediorum
953 4006 1163 4067 exDioscoride
1178 4013 1208 4065 et
1226 4006 1301 4064 Mat·

173 4093 271 4150 thiolo.
314 4094 399 4152 Basil.
426 4087 517 4153 1579.
543 4088 573 4154 8.

131 4177 181 4239 Fr.
202 4176 277 4236 Lud.
304 4176 378 4253 Aug.
405 4179 501 4240 Herm.
528 4181 571 4237 de
596 4177 743 4236 Gohren
772 4177 946 4235 medicorum>
966 4177 1118 4254 priscorum
1144 4175 1181 4233 de
1206 4174 1301 4249 signa·

174 4270 238 4320 tura
259 4264 384 4340 inprimis
405 4265 562 4343 plantarum
592 4263 728 4323 doctrina.
773 4263 1022 4320 Commentationis
1043 4263 1080 4319 de
1098 4259 1301 4318 necessitudine

174 4366 248 4424 quae
274 4348 347 4405 inter
379 4350 604 4429 morphologiam
632 4354 661 4406 et
688 4348 943 4425 pharmacologiam
970 4346 1048 4422 regni
1070 4343 1232 4420 vegetabilis
1257 4344 1299 4403 in-

172 4433 293 4492 tercedit
317 4432 385 4491 l’ars
407 4435 430 4496 l.
453 4436 541 4494 lenae
567 4429 658 4494 1840.
681 4429 713 4496 8.
