2874 4974
195 299 258 367 142
704 297 863 367 Anatomia.

195 461 258 523 aa.
291 459 424 519 statuo
453 459 520 519 aaa
546 460 584 519 ue
613 461 781 538 antiquitate
817 436 972 522 anatoho.
1007 460 1103 539 ungu.
1133 462 1200 525 nat.
1230 455 1364 522 raum.

240 541 351 611 (Oratio
370 541 530 610 inauguralis
547 541 582 595 ad
599 544 711 612 profess.
730 551 862 598 anatomes
880 545 1000 615 inscad.
1019 543 1164 613 Leideusi.)

195 614 241 675 Jo.
264 614 363 674 Franc
385 634 452 673 nan
475 613 673 693 Leempoel
694 619 834 695 specimen
861 620 955 695 inaug.
984 617 1116 676 exhibens
1144 622 1289 675 anatomes
1310 616 1367 673 ori-

237 700 342 778 ginem,
362 719 541 779 progressum
563 707 593 760 et
614 701 716 760 deinde
738 721 835 760 omnes
859 723 958 781 paene,
976 722 1096 778 quorum
1115 703 1225 780 scriptis
1244 702 1281 759 ab
1298 698 1365 760 Alc-

237 804 354 844 maeone
377 787 413 842 ad
438 786 599 843 Harvaeum
622 806 711 861 usqne
732 796 863 865 promota
884 795 937 864 est,
959 795 1097 851 auctores.
1119 787 1201 847 Leid.
1225 780 1317 850 1725.
1333 780 1364 846 4.

238 866 419 936 (Douglasium
436 867 577 937 praecipue
594 868 735 937 sequitur.)

195 941 267 1001 Geo.
290 941 358 1002 Chr.
383 939 528 998 Maternus
547 936 597 1001 'de
626 934 757 1000 Ci'lano
790 962 886 1022 progr.
915 943 952 1003 de
984 941 1159 1002 incrementis
1196 940 1364 1001 anatomiae.

236 1025 342 1083 Altona
365 1020 458 1085 1740.
480 1021 510 1083 4.

194 1109 261 1174 Ant.
284 1110 409 1170 Portal
434 1110 548 1168 histoire
569 1111 605 1169 de
621 1106 782 1170 l’anatomie
802 1115 831 1168 et
851 1111 888 1169 de
903 1109 931 1170 la
953 1112 1099 1190 chirurgie,
1121 1115 1273 1170 contenent
1289 1110 1364 1169 l'ori-

237 1197 304 1272 gine
325 1201 354 1253 et
374 1196 415 1254 les
436 1196 555 1272 prognes
576 1199 614 1256 de
638 1215 684 1255 ces
706 1197 836 1255 sciences.
866 1196 930 1260 Vol.
952 1198 1064 1259 1-v.
1093 1197 1170 1255 Paris
1198 1190 1290 1256 1770.
1312 1191 1363 1268 83

236 1280 301 1344 Vol.
322 1280 371 1344 Vl.
396 1280 523 1340 Tableau
545 1282 765 1357 chronologique
787 1282 837 1340 des
857 1301 995 1359 ouvrages
1010 1289 1040 1341 et
1055 1284 1107 1342 des
1126 1281 1293 1362 principales
1312 1281 1364 1340 de-

237 1373 383 1427 eouvertes
404 1366 573 1426 d’anatomie
594 1373 623 1426 et
644 1369 682 1427 de
705 1367 843 1443 chirurgio
863 1386 916 1445 par
943 1369 1028 1427 ordre
1051 1369 1089 1426 de
1112 1369 1251 1429 matieres.
1285 1365 1362 1427 Paris

237 1446 330 1512 1773.
351 1447 382 1513 8.
420 1464 509 1534 (Opus
533 1465 665 1534 copiosum
683 1465 785 1518 notitiis
802 1463 924 1517 litorariis
942 1483 993 1518 non
1011 1482 1113 1534 semper
1129 1466 1196 1520 satis
1213 1465 1362 1530 accuratim

238 1534 285 1586 cfr.
314 1534 339 1587 J.
365 1534 490 1586 Gotslr'n
515 1535 594 1588 lettre
618 1538 636 1587 ὰ
662 1536 701 1591 Μ.
721 1534 836 1599 Faesus,
864 1552 899 1586 ott
920 1537 1032 1604 critique
1055 1536 1088 1588 de
1110 1537 1244 1590 l’ht‘stot'te
1272 1537 1305 1588 de
1322 1537 1362 1592 M.

243 1603 344 1661 Portol.
373 1603 452 1655 Paris
470 1601 546 1658 1772.
565 1603 591 1660 8.
610 1612 638 1657 et
655 1604 706 1656 alia
724 1603 822 1674 scripta
839 1603 961 1670 minora.)

194 1675 269 1738 Will.
292 1673 321 1732 N
328 1675 494 1735 orthcote
516 1695 533 1732 3
557 1678 666 1736 concise
688 1677 794 1754 history
819 1673 854 1734 of
871 1677 920 1735 the
942 1681 1076 1754 anatomy
1095 1677 1168 1737 from
1190 1677 1239 1737 the
1255 1677 1364 1737 earliest

235 1779 312 1836 ages.
344 1758 438 1820 Lond.
465 1754 557 1822 1772.
579 1756 610 1823 8.
637 1767 712 1833 (Non
733 1767 880 1833 laudatur.)

193 1844 289 1905 Pierre
312 1843 449 1903 Lassus
474 1846 545 1903 essai
570 1866 608 1905 on
629 1848 754 1905 discours
778 1848 933 1922 historique
955 1854 984 1906 et
1004 1847 1120 1924 critique
1136 1865 1184 1905 sur
1199 1847 1239 1905 les
1258 1845 1364 1906 decon-

237 1936 330 1989 vertes
360 1930 442 1988 laites
469 1949 504 1988 cn
531 1933 672 1991 anatomie
702 1951 756 2012 par
785 1932 825 1990 les
846 1933 958 1991 anciens
979 1938 1008 1991 et
1028 1932 1068 1991 les
1090 1933 1249 1992 modernes.
1284 1932 1363 1991 Paris

237 2009 329 2075 1783.
358 2009 389 2073 8.
410 2048 453 2058 -
473 2014 599 2075 Genaua.
617 2024 683 2076 cert.
712 2017 759 2079 Jo.
783 2017 881 2077 Heius.
907 2017 1063 2077 Crevelt.
1084 2018 1141 2078 Th.
1164 2013 1193 2077 l.
1215 2012 1246 2076 2.
1279 2016 1363 2077 Bonn

237 2097 417 2179 (Frankfurt)
443 2093 533 2162 1787.
556 2097 648 2162 1788.
674 2098 704 2165 8.

193 2185 298 2248 Thoar.
319 2182 438 2244 Lauth
464 2184 578 2245 histoire
603 2189 640 2246 de
660 2184 829 2247 l'anatomie.
854 2187 946 2247 Tosne
967 2187 988 2245 l.
1015 2187 1188 2263 Strashourg
1215 2180 1308 2250 1815.
1332 2182 1362 2247 4.

238 2265 364 2336 (copiose
381 2265 488 2320 ‹lisserit
505 2266 538 2320 de
555 2268 668 2322 inventis
686 2268 839 2322 anatomicis
857 2276 884 2322 et
907 2269 940 2322 de
958 2267 1125 2336 systematica
1143 2267 1291 2322 anatomiae
1308 2275 1363 2322 tro-

236 2337 367 2400 ctstione3
394 2336 573 2405 complectitur
596 2345 657 2395 tom.
682 2339 704 2394 Ι.
729 2338 862 2391 historiam
879 2337 1027 2392 anatomiae
1044 2354 1128 2407 usque
1144 2337 1179 2391 sd
1195 2337 1362 2405 Barnaeum

234 2405 272 2458 nil
289 2406 398 2474 amplius
414 2405 534 2475 prodiit.)

192 2478 339 2541 Burchard
363 2477 455 2537 Adam
481 2478 624 2538 Sellius
645 2478 682 2537 de
706 2479 880 2538 anatomicae
903 2479 1051 2540 historicae
1077 2478 1269 2557 scriptoribus.
1310 2479 1363 2539 Ki-

235 2563 292 2622 lon.
320 2558 412 2626 1734.
434 2558 465 2623 4.
490 2567 620 2636 (Errores
646 2568 790 2622 Goelickei
815 2576 843 2621 et
861 2569 985 2622 Heisteri
1009 2559 1162 2642 notantur.)

193 2649 266 2708 Geo.
287 2648 363 2708 Toh.
390 2649 760 2709 Schwendendhrffer
781 2651 867 2729 (resp.
892 2650 990 2714 Joach.
1016 2648 1106 2710 Andr.
1133 2649 1285 2728 Corvinus)
1305 2668 1364 2708 me·

235 2734 362 2794 dicorum
383 2740 532 2793 anatomen
550 2735 614 2810 jure
629 2735 722 2793 divino
747 2741 777 2793 et
797 2735 918 2794 humano
945 2736 1049 2794 licitam
1069 2753 1140 2794 esse.
1167 2733 1248 2815 Lips.
1272 2729 1362 2796 1663.

235 2813 281 2891 4.;
306 2818 374 2883 ibid,
401 2814 492 2882 1690.
514 2815 543 2884 4.
568 2825 785 2894 (Respondentis
809 2829 899 2894 opus.)

193 2902 285 2983 Chph.
313 2902 373 2967 Jae.
395 2903 498 2963 Trew
528 2904 754 2982 Vertheidigung
783 2907 834 2964 der
859 2904 1009 2964 Anatomie
1035 2903 1124 2962 durch
1149 2903 1230 2963 einen
1255 2905 1363 2981 grirnd·

234 2986 325 3047 lichen
346 2988 480 3066 Beweiss‚
502 2989 567 3047 dass
589 2991 636 3048 die
656 2990 879 3067 Zergliederung
904 2990 985 3048 derer
1004 2988 1155 3048 Menschen
1178 2990 1238 3047 und
1259 2990 1364 3050 Thiere

234 3071 324 3132 sowol
345 3072 385 3131 als
403 3074 454 3130 das
471 3073 660 3133 Authehalten
686 3076 768 3133 derer
788 3075 991 3134 menschlichen
1013 3074 1113 3133 Theile
1127 3074 1204 3134 nieht
1219 3094 1274 3134 nur
1291 3075 1363 3134 nach

234 3157 307 3216 allen
329 3157 484 3238 g‘o‘ttlieheu
505 3160 563 3217 und
588 3160 792 3218 menschlichen
814 3161 954 3220 Gesetzen
979 3159 1120 3234 erlaubet‚
1146 3161 1275 3221 soudern
1292 3161 1363 3220 auch

197 3236 200 3241 ’
234 3262 269 3302 33
290 3243 347 3302 sich
369 3243 491 3303 selbsten
513 3244 589 3303 nicht
610 3245 778 3304 veriichtlich
800 3264 858 3323 sey.
901 3243 1055 3322 Nirrnherg
1076 3239 1167 3304 1729.
1193 3238 1224 3304 4.

190 3327 261 3388 Phil.
286 3327 340 3388 Ad.
367 3329 493 3389 Ulrieh
516 3331 643 3406 quaestio
672 3350 709 3388 an
733 3331 847 3389 medicis
871 3349 991 3411 corpora
1017 3336 1206 3411 peremtornm
1231 3331 1271 3389 ad
1296 3349 1363 3391 ana·

233 3423 328 3474 tomen
350 3417 542 3476 concedenda.
583 3415 662 3494 Lips.
685 3409 778 3477 1733.
802 3410 834 3478 4.

190 3498 237 3562 Jo.
259 3499 357 3563 Joach.
382 3501 525 3560 Gotthard
546 3501 664 3560 Sturm
687 3501 723 3560 de
744 3500 877 3578 eoquod
899 3499 1007 3577 justum
1035 3507 1078 3559 est
1105 3497 1176 3560 circa
1201 3505 1362 3581 anatomen.

233 3582 370 3643 Rostoch.
396 3580 487 3645 1755.
516 3581 547 3648 4.

191 3666 238 3730 Jo.
260 3667 325 3733 Nic.
350 3669 444 3729 Held
472 3671 609 3741 Beweiss‚
634 3670 702 3728 dass
724 3669 771 3728 die
798 3669 957 3728 iiffentliehe
978 3666 1127 3728 Anatomie
1152 3668 1242 3728 einem
1265 3671 1364 3730 Staate

234 3755 418 3831 nothwendig
439 3756 497 3813 und
517 3755 545 3812 in
566 3755 692 3813 Rechten
724 3756 884 3830 gegrrindet
910 3774 968 3832 sey.
1025 3754 1190 3812 Darmstadt
1217 3748 1311 3818 1762.
1332 3751 1362 3814 4.

190 3837 498 3984 1ᾳῇξῶΗῦιὼὴεὶ
512 3840 597 3920 ¹paria
626 3838 1007 3917 analyseosmathematicae
1039 3844 1069 3901 et
1095 3839 1363 3906 maronicaerata

410 4110 471 4205 h.
508 4107 729 4230 *Labra
770 4107 1147 4229 amandos.

190 4274 280 4342 Andr.
312 4278 445 4338 Ottomar
474 4279 649 4338 Goeliclte
674 4281 790 4340 historia
825 4281 983 4341 anatomiae
1009 4300 1084 4341 nova
1112 4298 1204 4356 aeque
1231 4298 1267 4339 ae
1291 4281 1366 4340 anti·

188 4366 192 4373 ’
234 4381 301 4438 qua,
323 4384 386 4423 cum
408 4366 516 4426 decade
540 4367 615 4428 obss.
641 4365 722 4444 phys.
742 4372 817 4431 anat.
842 4365 910 4426 chir.
932 4367 1000 4429 Hal.
1024 4361 1119 4428 1713.
1141 4361 1364 4441 8.·-Ejusd.

233 4448 402 4512 introductio
424 4452 454 4514 in
475 4451 619 4512 historiam
644 4451 807 4513 litterariam
833 4459 978 4514 anatomes
1001 4470 1053 4514 seu
1076 4456 1245 4533 conspectus
1271 4452 1366 4532 plero-
