<?xml version="1.0" encoding="UTF-8"?>
<!DOCTYPE html PUBLIC "-//W3C//DTD XHTML 1.0 Transitional//EN"
    "http://www.w3.org/TR/xhtml1/DTD/xhtml1-transitional.dtd">
<html xmlns="http://www.w3.org/1999/xhtml" xml:lang="en" lang="en">
 <head>
  <title>
</title>
<meta http-equiv="Content-Type" content="text/html;charset=utf-8" />
  <meta name='ocr-system' content='tesseract 3.04.00' />
  <meta name='ocr-capabilities' content='ocr_page ocr_carea ocr_par ocr_line ocrx_word'/>
</head>
<body>
  <div class='ocr_page' id='page_1' title='image "./bibliothecamedi00chougoog_0164.png"; bbox 0 0 2874 4974; ppageno 0'>
   <div class='ocr_carea' id='block_1_1' title="bbox 504 318 1258 396">
    <p class='ocr_par' dir='ltr' id='par_1_1' title="bbox 504 318 1258 396">
     <span class='ocr_line' id='line_1_1' title="bbox 504 318 1258 396; baseline 0.024 -20"><span class='ocrx_word' id='word_1_1' title='bbox 504 318 683 379; x_wconf 79' lang='lat' dir='ltr'><strong>Pollinctum.</strong></span> <span class='ocrx_word' id='word_1_2' title='bbox 710 319 839 381; x_wconf 79' lang='lat' dir='ltr'>Mumiae.</span> <span class='ocrx_word' id='word_1_3' title='bbox 1197 327 1258 396; x_wconf 92' lang='grc'>147</span> 
     </span>
    </p>
   </div>
   <div class='ocr_carea' id='block_1_2' title="bbox 85 469 1260 1235">
    <p class='ocr_par' dir='ltr' id='par_1_2' title="bbox 131 469 1258 622">
     <span class='ocr_line' id='line_1_2' title="bbox 132 469 1258 543; baseline 0.009 -10"><span class='ocrx_word' id='word_1_4' title='bbox 132 473 193 533; x_wconf 89' lang='lat' dir='ltr'>dito</span> <span class='ocrx_word' id='word_1_5' title='bbox 217 476 272 536; x_wconf 82' lang='lat' dir='ltr'>etc.</span> <span class='ocrx_word' id='word_1_6' title='bbox 294 471 312 530; x_wconf 82' lang='lat' dir='ltr'>t</span> <span class='ocrx_word' id='word_1_7' title='bbox 333 471 369 536; x_wconf 92' lang='lat' dir='ltr'>ll.</span> <span class='ocrx_word' id='word_1_8' title='bbox 391 469 436 531; x_wconf 89' lang='lat' dir='ltr'>De</span> <span class='ocrx_word' id='word_1_9' title='bbox 465 471 672 531; x_wconf 68' lang='lat' dir='ltr'><strong>medicamentis</strong></span> <span class='ocrx_word' id='word_1_10' title='bbox 705 471 846 531; x_wconf 82' lang='lat' dir='ltr'>nonnullis</span> <span class='ocrx_word' id='word_1_11' title='bbox 874 477 1006 543; x_wconf 82' lang='lat' dir='ltr'>servandi</span> <span class='ocrx_word' id='word_1_12' title='bbox 1031 480 1174 540; x_wconf 83' lang='lat' dir='ltr'>cadaveris</span> <span class='ocrx_word' id='word_1_13' title='bbox 1202 484 1258 542; x_wconf 89' lang='lat' dir='ltr'>vim</span> 
     </span>
     <span class='ocr_line' id='line_1_3' title="bbox 131 552 737 622; baseline -0.002 -5"><span class='ocrx_word' id='word_1_14' title='bbox 131 558 325 618; x_wconf 78' lang='lat' dir='ltr'>obtinentibus</span> <span class='ocrx_word' id='word_1_15' title='bbox 350 556 368 622; x_wconf 82' lang='lat' dir='ltr'>l.</span> <span class='ocrx_word' id='word_1_16' title='bbox 391 556 440 619; x_wconf 91' lang='lat' dir='ltr'>lll.</span> <span class='ocrx_word' id='word_1_17' title='bbox 473 556 562 620; x_wconf 88' lang='lat' dir='ltr'>Paris.</span> <span class='ocrx_word' id='word_1_18' title='bbox 589 552 680 617; x_wconf 81' lang='lat'>1553.</span> <span class='ocrx_word' id='word_1_19' title='bbox 706 552 737 617; x_wconf 97' lang='grc'>4.</span> 
     </span>
    </p>

    <p class='ocr_par' dir='ltr' id='par_1_3' title="bbox 85 635 1260 1235">
     <span class='ocr_line' id='line_1_4' title="bbox 85 635 1259 723; baseline 0.007 -20"><span class='ocrx_word' id='word_1_20' title='bbox 85 643 187 707; x_wconf 85' lang='lat' dir='ltr'>Joach.</span> <span class='ocrx_word' id='word_1_21' title='bbox 209 643 370 720; x_wconf 86' lang='lat' dir='ltr'>Strirppe</span> <span class='ocrx_word' id='word_1_22' title='bbox 392 635 573 722; x_wconf 88' lang='lat' dir='ltr'>(Struppius)</span> <span class='ocrx_word' id='word_1_23' title='bbox 595 660 748 701; x_wconf 80' lang='lat' dir='ltr'>consensus</span> <span class='ocrx_word' id='word_1_24' title='bbox 769 641 949 703; x_wconf 80' lang='lat' dir='ltr'>celebriorum</span> <span class='ocrx_word' id='word_1_25' title='bbox 966 648 1147 723; x_wconf 90' lang='lat' dir='ltr'>medicorum,</span> <span class='ocrx_word' id='word_1_26' title='bbox 1168 651 1259 711; x_wconf 91' lang='lat' dir='ltr'>histo-</span> 
     </span>
     <span class='ocr_line' id='line_1_5' title="bbox 130 727 1260 812; baseline 0.008 -24"><span class='ocrx_word' id='word_1_27' title='bbox 130 729 251 788; x_wconf 86' lang='lat' dir='ltr'>ricorum</span> <span class='ocrx_word' id='word_1_28' title='bbox 276 734 306 786; x_wconf 89' lang='lat' dir='ltr'>et</span> <span class='ocrx_word' id='word_1_29' title='bbox 329 727 560 804; x_wconf 90' lang='lat' dir='ltr'>philosophorum</span> <span class='ocrx_word' id='word_1_30' title='bbox 585 745 670 803; x_wconf 90' lang='lat' dir='ltr'>super</span> <span class='ocrx_word' id='word_1_31' title='bbox 694 728 809 784; x_wconf 80' lang='lat' dir='ltr'>exoticis</span> <span class='ocrx_word' id='word_1_32' title='bbox 835 728 942 804; x_wconf 86' lang='lat' dir='ltr'>aliquot</span> <span class='ocrx_word' id='word_1_33' title='bbox 958 732 1174 812; x_wconf 81' lang='lat' dir='ltr'>medicamentis,</span> <span class='ocrx_word' id='word_1_34' title='bbox 1197 757 1260 797; x_wconf 89' lang='lat' dir='ltr'>mu-</span> 
     </span>
     <span class='ocr_line' id='line_1_6' title="bbox 131 809 1259 890; baseline 0.007 -18"><span class='ocrx_word' id='word_1_35' title='bbox 131 813 284 888; x_wconf 82' lang='lat' dir='ltr'>missique</span> <span class='ocrx_word' id='word_1_36' title='bbox 306 813 442 888; x_wconf 81' lang='lat' dir='ltr'>cognatis,</span> <span class='ocrx_word' id='word_1_37' title='bbox 462 812 580 870; x_wconf 90' lang='lat' dir='ltr'>maxime</span> <span class='ocrx_word' id='word_1_38' title='bbox 600 830 651 888; x_wconf 91' lang='lat' dir='ltr'>per</span> <span class='ocrx_word' id='word_1_39' title='bbox 671 809 844 889; x_wconf 83' lang='lat' dir='ltr'>Aegyptum,</span> <span class='ocrx_word' id='word_1_40' title='bbox 866 812 1013 890; x_wconf 78' lang='lat' dir='ltr'>Judaeum,</span> <span class='ocrx_word' id='word_1_41' title='bbox 1041 815 1174 878; x_wconf 85' lang='lat' dir='ltr'>Arabiam</span> <span class='ocrx_word' id='word_1_42' title='bbox 1203 829 1259 885; x_wconf 89' lang='lat' dir='ltr'>etc.</span> 
     </span>
     <span class='ocr_line' id='line_1_7' title="bbox 132 895 1260 972; baseline 0.009 -16"><span class='ocrx_word' id='word_1_43' title='bbox 132 899 180 957; x_wconf 92' lang='lat' dir='ltr'>ubi</span> <span class='ocrx_word' id='word_1_44' title='bbox 206 898 326 956; x_wconf 89' lang='lat' dir='ltr'>mumiae</span> <span class='ocrx_word' id='word_1_45' title='bbox 347 897 486 972; x_wconf 86' lang='lat' dir='ltr'>genuinae</span> <span class='ocrx_word' id='word_1_46' title='bbox 505 897 542 954; x_wconf 91' lang='lat' dir='ltr'>ad</span> <span class='ocrx_word' id='word_1_47' title='bbox 559 895 717 972; x_wconf 86' lang='lat' dir='ltr'>pyramides</span> <span class='ocrx_word' id='word_1_48' title='bbox 736 916 770 954; x_wconf 90' lang='lat' dir='ltr'>ex</span> <span class='ocrx_word' id='word_1_49' title='bbox 796 901 996 958; x_wconf 88' lang='lat' dir='ltr'>concameratis</span> <span class='ocrx_word' id='word_1_50' title='bbox 1018 905 1190 963; x_wconf 89' lang='lat' dir='ltr'>coemeteriis</span> <span class='ocrx_word' id='word_1_51' title='bbox 1202 911 1260 966; x_wconf 87' lang='lat' dir='ltr'>Ae-</span> 
     </span>
     <span class='ocr_line' id='line_1_8' title="bbox 131 980 1260 1061; baseline 0.006 -20"><span class='ocrx_word' id='word_1_52' title='bbox 131 983 270 1061; x_wconf 77' lang='lat' dir='ltr'>gyptiacis</span> <span class='ocrx_word' id='word_1_53' title='bbox 292 987 388 1040; x_wconf 90' lang='lat' dir='ltr'>erutae</span> <span class='ocrx_word' id='word_1_54' title='bbox 405 999 501 1038; x_wconf 76' lang='lat' dir='ltr'>verimi</span> <span class='ocrx_word' id='word_1_55' title='bbox 526 980 667 1059; x_wconf 83' lang='lat' dir='ltr'>exemplar</span> <span class='ocrx_word' id='word_1_56' title='bbox 686 982 902 1040; x_wconf 86' lang='lat' dir='ltr'>vetustissimum</span> <span class='ocrx_word' id='word_1_57' title='bbox 920 1004 1056 1044; x_wconf 87' lang='lat' dir='ltr'>annorum</span> <span class='ocrx_word' id='word_1_58' title='bbox 1073 989 1221 1048; x_wconf 85' lang='lat' dir='ltr'>circiterltl</span> <span class='ocrx_word' id='word_1_59' title='bbox 1227 991 1260 1048; x_wconf 83' lang='lat' dir='ltr'><strong><em>M</em></strong></span> 
     </span>
     <span class='ocr_line' id='line_1_9' title="bbox 131 1065 1259 1144; baseline 0.006 -18"><span class='ocrx_word' id='word_1_60' title='bbox 131 1068 303 1136; x_wconf 85' lang='lat' dir='ltr'>reconditur,</span> <span class='ocrx_word' id='word_1_61' title='bbox 323 1086 386 1124; x_wconf 90' lang='lat' dir='ltr'>cum</span> <span class='ocrx_word' id='word_1_62' title='bbox 407 1065 591 1125; x_wconf 86' lang='lat' dir='ltr'>admiratione</span> <span class='ocrx_word' id='word_1_63' title='bbox 615 1083 709 1123; x_wconf 90' lang='lat' dir='ltr'>coram</span> <span class='ocrx_word' id='word_1_64' title='bbox 734 1067 934 1144; x_wconf 88' lang='lat' dir='ltr'>inspiciendum</span> <span class='ocrx_word' id='word_1_65' title='bbox 951 1071 1103 1132; x_wconf 84' lang='lat' dir='ltr'>exhibetur.</span> <span class='ocrx_word' id='word_1_66' title='bbox 1125 1074 1259 1133; x_wconf 77' lang='lat' dir='ltr'>Francos.</span> 
     </span>
     <span class='ocr_line' id='line_1_10' title="bbox 130 1145 1259 1235; baseline 0.005 -24"><span class='ocrx_word' id='word_1_67' title='bbox 130 1170 158 1211; x_wconf 86' lang='lat' dir='ltr'>a.</span> <span class='ocrx_word' id='word_1_68' title='bbox 175 1151 213 1214; x_wconf 83' lang='grc' dir='ltr'><strong>Μ.</strong></span> <span class='ocrx_word' id='word_1_69' title='bbox 236 1145 327 1212; x_wconf 89' lang='grc'><strong>1574.</strong></span> <span class='ocrx_word' id='word_1_70' title='bbox 349 1146 380 1208; x_wconf 89' lang='grc'>4.</span> <span class='ocrx_word' id='word_1_71' title='bbox 406 1183 447 1196; x_wconf 92' lang='lat'><em>-</em></span> <span class='ocrx_word' id='word_1_72' title='bbox 472 1147 566 1207; x_wconf 69' lang='lat' dir='ltr'>Extat</span> <span class='ocrx_word' id='word_1_73' title='bbox 586 1153 668 1207; x_wconf 85' lang='lat' dir='ltr'>etiam</span> <span class='ocrx_word' id='word_1_74' title='bbox 688 1148 788 1208; x_wconf 81' lang='lat' dir='ltr'>Editio</span> <span class='ocrx_word' id='word_1_75' title='bbox 813 1157 964 1227; x_wconf 83' lang='lat' dir='ltr'>germanice</span> <span class='ocrx_word' id='word_1_76' title='bbox 984 1160 1134 1235; x_wconf 82' lang='lat' dir='ltr'>conscripto</span> <span class='ocrx_word' id='word_1_77' title='bbox 1158 1166 1185 1216; x_wconf 89' lang='lat' dir='ltr'>et</span> <span class='ocrx_word' id='word_1_78' title='bbox 1200 1161 1259 1218; x_wconf 85' lang='lat' dir='ltr'>bre-</span> 
     </span>
    </p>
   </div>
   <div class='ocr_carea' id='block_1_3' title="bbox 130 1239 1259 1388">
    <p class='ocr_par' dir='ltr' id='par_1_4' title="bbox 130 1239 1259 1388">
     <span class='ocr_line' id='line_1_11' title="bbox 130 1239 1259 1326; baseline 0.014 -32"><span class='ocrx_word' id='word_1_79' title='bbox 130 1239 218 1298; x_wconf 73' lang='lat' dir='ltr'>uoto.</span> <span class='ocrx_word' id='word_1_80' title='bbox 230 1247 344 1316; x_wconf 71' lang='lat' dir='ltr'>(Forsan</span> <span class='ocrx_word' id='word_1_81' title='bbox 356 1246 439 1317; x_wconf 87' lang='lat' dir='ltr'>prima</span> <span class='ocrx_word' id='word_1_82' title='bbox 447 1245 558 1299; x_wconf 81' lang='lat' dir='ltr'>omniurn</span> <span class='ocrx_word' id='word_1_83' title='bbox 573 1247 721 1299; x_wconf 87' lang='lat' dir='ltr'>murniarurn</span> <span class='ocrx_word' id='word_1_84' title='bbox 738 1264 805 1316; x_wconf 86' lang='lat' dir='ltr'>quae</span> <span class='ocrx_word' id='word_1_85' title='bbox 817 1248 961 1317; x_wconf 82' lang='lat' dir='ltr'>integraad</span> <span class='ocrx_word' id='word_1_86' title='bbox 977 1253 1259 1326; x_wconf 83' lang='lat' dir='ltr'>regionesEuropaeas</span> 
     </span>
     <span class='ocr_line' id='line_1_12' title="bbox 132 1314 1057 1388; baseline 0.005 -19"><span class='ocrx_word' id='word_1_87' title='bbox 132 1317 294 1387; x_wconf 84' lang='lat' dir='ltr'>pervenerit3</span> <span class='ocrx_word' id='word_1_88' title='bbox 313 1333 359 1386; x_wconf 89' lang='lat' dir='ltr'>per</span> <span class='ocrx_word' id='word_1_89' title='bbox 380 1316 539 1369; x_wconf 86' lang='lat' dir='ltr'>Venetianos</span> <span class='ocrx_word' id='word_1_90' title='bbox 557 1314 657 1368; x_wconf 87' lang='lat' dir='ltr'>scilicet</span> <span class='ocrx_word' id='word_1_91' title='bbox 674 1316 755 1368; x_wconf 84' lang='lat' dir='ltr'>allata</span> <span class='ocrx_word' id='word_1_92' title='bbox 772 1325 813 1369; x_wconf 86' lang='lat' dir='ltr'>est</span> <span class='ocrx_word' id='word_1_93' title='bbox 831 1316 1057 1388; x_wconf 84' lang='lat' dir='ltr'>Francoturtum.)</span> 
     </span>
    </p>
   </div>
   <div class='ocr_carea' id='block_1_4' title="bbox 87 1387 1327 1720">
    <p class='ocr_par' dir='ltr' id='par_1_5' title="bbox 87 1387 1327 1553">
     <span class='ocr_line' id='line_1_13' title="bbox 87 1387 1327 1456; baseline 0.006 -7"><span class='ocrx_word' id='word_1_94' title='bbox 87 1387 191 1449; x_wconf 79' lang='lat' dir='ltr'>Melch.</span> <span class='ocrx_word' id='word_1_95' title='bbox 218 1389 326 1447; x_wconf 85' lang='lat' dir='ltr'>Sebiz</span> <span class='ocrx_word' id='word_1_96' title='bbox 349 1390 385 1446; x_wconf 86' lang='lat' dir='ltr'>de</span> <span class='ocrx_word' id='word_1_97' title='bbox 411 1390 558 1446; x_wconf 88' lang='lat' dir='ltr'>conditura</span> <span class='ocrx_word' id='word_1_98' title='bbox 581 1388 640 1446; x_wconf 88' lang='lat' dir='ltr'>sive</span> <span class='ocrx_word' id='word_1_99' title='bbox 661 1388 861 1447; x_wconf 90' lang='lat' dir='ltr'>balsamatione</span> <span class='ocrx_word' id='word_1_100' title='bbox 880 1392 1046 1453; x_wconf 83' lang='lat' dir='ltr'>cadaverum</span> <span class='ocrx_word' id='word_1_101' title='bbox 1064 1394 1257 1456; x_wconf 87' lang='lat' dir='ltr'>humanorum.</span> <span class='ocrx_word' id='word_1_102' title='bbox 1321 1420 1327 1432; x_wconf 89' lang='lat'><strong>·</strong></span> 
     </span>
     <span class='ocr_line' id='line_1_14' title="bbox 131 1467 877 1553; baseline 0 -21"><span class='ocrx_word' id='word_1_103' title='bbox 131 1472 283 1550; x_wconf 79' lang='lat' dir='ltr'>Argentor.</span> <span class='ocrx_word' id='word_1_104' title='bbox 304 1468 427 1553; x_wconf 88' lang='grc'><strong>(1645.)</strong></span> <span class='ocrx_word' id='word_1_105' title='bbox 450 1467 542 1531; x_wconf 89' lang='grc'><strong>1649.</strong></span> <span class='ocrx_word' id='word_1_106' title='bbox 567 1467 598 1535; x_wconf 84' lang='grc'>4.</span> <span class='ocrx_word' id='word_1_107' title='bbox 625 1476 696 1545; x_wconf 80' lang='lat' dir='ltr'>(Otr.</span> <span class='ocrx_word' id='word_1_108' title='bbox 717 1495 780 1547; x_wconf 83' lang='lat' dir='ltr'>pag.</span> <span class='ocrx_word' id='word_1_109' title='bbox 804 1479 877 1545; x_wconf 82' lang='lat'>113.)</span> 
     </span>
    </p>

    <p class='ocr_par' dir='ltr' id='par_1_6' title="bbox 88 1555 1259 1720">
     <span class='ocr_line' id='line_1_15' title="bbox 88 1555 1259 1638; baseline 0.006 -20"><span class='ocrx_word' id='word_1_110' title='bbox 88 1555 178 1618; x_wconf 85' lang='lat' dir='ltr'>Andr.</span> <span class='ocrx_word' id='word_1_111' title='bbox 200 1559 353 1617; x_wconf 87' lang='lat' dir='ltr'>Rivinus</span> <span class='ocrx_word' id='word_1_112' title='bbox 387 1558 477 1635; x_wconf 84' lang='lat' dir='ltr'>(resp.</span> <span class='ocrx_word' id='word_1_113' title='bbox 510 1556 577 1614; x_wconf 85' lang='lat' dir='ltr'>Chr.</span> <span class='ocrx_word' id='word_1_114' title='bbox 606 1557 719 1638; x_wconf 89' lang='lat' dir='ltr'>Gallus)</span> <span class='ocrx_word' id='word_1_115' title='bbox 748 1561 784 1616; x_wconf 86' lang='lat' dir='ltr'>de</span> <span class='ocrx_word' id='word_1_116' title='bbox 809 1559 976 1635; x_wconf 84' lang='lat' dir='ltr'>pollinctum</span> <span class='ocrx_word' id='word_1_117' title='bbox 1006 1563 1065 1621; x_wconf 87' lang='lat' dir='ltr'>sive</span> <span class='ocrx_word' id='word_1_118' title='bbox 1093 1566 1259 1625; x_wconf 86' lang='lat' dir='ltr'>cadaverum</span> 
     </span>
     <span class='ocr_line' id='line_1_16' title="bbox 131 1641 1259 1720; baseline 0.006 -18"><span class='ocrx_word' id='word_1_119' title='bbox 131 1643 317 1702; x_wconf 88' lang='lat' dir='ltr'>humanorum</span> <span class='ocrx_word' id='word_1_120' title='bbox 343 1644 486 1701; x_wconf 87' lang='lat' dir='ltr'>curatione</span> <span class='ocrx_word' id='word_1_121' title='bbox 513 1648 543 1700; x_wconf 93' lang='lat' dir='ltr'>et</span> <span class='ocrx_word' id='word_1_122' title='bbox 570 1641 687 1700; x_wconf 88' lang='lat' dir='ltr'>solemni</span> <span class='ocrx_word' id='word_1_123' title='bbox 715 1644 878 1718; x_wconf 85' lang='lat' dir='ltr'>conditura,</span> <span class='ocrx_word' id='word_1_124' title='bbox 909 1645 994 1720; x_wconf 84' lang='lat' dir='ltr'>vulgo</span> <span class='ocrx_word' id='word_1_125' title='bbox 1021 1647 1096 1705; x_wconf 90' lang='lat' dir='ltr'>dicta</span> <span class='ocrx_word' id='word_1_126' title='bbox 1121 1650 1259 1709; x_wconf 87' lang='lat' dir='ltr'>balsama·</span> 
     </span>
    </p>
   </div>
   <div class='ocr_carea' id='block_1_5' title="bbox 132 1723 1259 1881">
    <p class='ocr_par' dir='ltr' id='par_1_7' title="bbox 132 1723 1259 1881">
     <span class='ocr_line' id='line_1_17' title="bbox 132 1723 1259 1816; baseline 0.015 -30"><span class='ocrx_word' id='word_1_127' title='bbox 132 1728 217 1787; x_wconf 81' lang='lat' dir='ltr'>tionc.</span> <span class='ocrx_word' id='word_1_128' title='bbox 260 1726 338 1804; x_wconf 90' lang='lat' dir='ltr'>Lips.</span> <span class='ocrx_word' id='word_1_129' title='bbox 361 1723 453 1789; x_wconf 88' lang='grc'><strong>1655.</strong></span> <span class='ocrx_word' id='word_1_130' title='bbox 476 1723 507 1788; x_wconf 87' lang='grc'>4.</span> <span class='ocrx_word' id='word_1_131' title='bbox 525 1737 623 1804; x_wconf 75' lang='lat' dir='ltr'>(Multa</span> <span class='ocrx_word' id='word_1_132' title='bbox 640 1738 712 1793; x_wconf 88' lang='lat' dir='ltr'>circa</span> <span class='ocrx_word' id='word_1_133' title='bbox 730 1739 908 1810; x_wconf 75' lang='lat' dir='ltr'>pollinctumrn</span> <span class='ocrx_word' id='word_1_134' title='bbox 926 1749 1042 1796; x_wconf 82' lang='lat' dir='ltr'>veterum</span> <span class='ocrx_word' id='word_1_135' title='bbox 1059 1744 1085 1798; x_wconf 90' lang='lat' dir='ltr'>in</span> <span class='ocrx_word' id='word_1_136' title='bbox 1104 1746 1259 1816; x_wconf 83' lang='lat' dir='ltr'>uuiversum,</span> 
     </span>
     <span class='ocr_line' id='line_1_18' title="bbox 132 1806 1120 1881; baseline 0.005 -19"><span class='ocrx_word' id='word_1_137' title='bbox 132 1825 185 1862; x_wconf 89' lang='lat' dir='ltr'>nou</span> <span class='ocrx_word' id='word_1_138' title='bbox 201 1807 283 1862; x_wconf 81' lang='lat' dir='ltr'>solum</span> <span class='ocrx_word' id='word_1_139' title='bbox 300 1809 334 1863; x_wconf 87' lang='lat' dir='ltr'>ds</span> <span class='ocrx_word' id='word_1_140' title='bbox 351 1808 544 1878; x_wconf 84' lang='lat' dir='ltr'>Aegyptiorum</span> <span class='ocrx_word' id='word_1_141' title='bbox 561 1806 670 1860; x_wconf 82' lang='lat' dir='ltr'>muniis.</span> <span class='ocrx_word' id='word_1_142' title='bbox 689 1810 791 1863; x_wconf 85' lang='lat' dir='ltr'>Auctor</span> <span class='ocrx_word' id='word_1_143' title='bbox 806 1818 848 1861; x_wconf 86' lang='lat' dir='ltr'>ast</span> <span class='ocrx_word' id='word_1_144' title='bbox 865 1810 976 1863; x_wconf 89' lang='lat' dir='ltr'>Rivinus</span> <span class='ocrx_word' id='word_1_145' title='bbox 993 1816 1120 1881; x_wconf 81' lang='lat' dir='ltr'>praeses.)</span> 
     </span>
    </p>
   </div>
   <div class='ocr_carea' id='block_1_6' title="bbox 88 1879 1261 1962">
    <p class='ocr_par' dir='ltr' id='par_1_8' title="bbox 88 1879 1261 1962">
     <span class='ocr_line' id='line_1_19' title="bbox 88 1879 1261 1962; baseline 0.007 -22"><span class='ocrx_word' id='word_1_146' title='bbox 88 1879 180 1945; x_wconf 89' lang='lat' dir='ltr'>Andr.</span> <span class='ocrx_word' id='word_1_147' title='bbox 201 1880 389 1959; x_wconf 89' lang='lat' dir='ltr'>Gryphius</span> <span class='ocrx_word' id='word_1_148' title='bbox 413 1881 533 1938; x_wconf 86' lang='lat' dir='ltr'>mumiae</span> <span class='ocrx_word' id='word_1_149' title='bbox 555 1880 792 1940; x_wconf 88' lang='lat' dir='ltr'>Vratislavienses.</span> <span class='ocrx_word' id='word_1_150' title='bbox 825 1880 973 1946; x_wconf 85' lang='lat' dir='ltr'>Vratislav.</span> <span class='ocrx_word' id='word_1_151' title='bbox 997 1881 1158 1951; x_wconf 65' lang='lat'>166212.</span> <span class='ocrx_word' id='word_1_152' title='bbox 1185 1895 1261 1962; x_wconf 86' lang='lat' dir='ltr'>(Mu-</span> 
     </span>
    </p>
   </div>
   <div class='ocr_carea' id='block_1_7' title="bbox 133 1960 1261 2097">
    <p class='ocr_par' dir='ltr' id='par_1_9' title="bbox 133 1960 1261 2097">
     <span class='ocr_line' id='line_1_20' title="bbox 133 1960 1261 2033; baseline 0.009 -17"><span class='ocrx_word' id='word_1_153' title='bbox 133 1962 210 2016; x_wconf 80' lang='lat' dir='ltr'>niam</span> <span class='ocrx_word' id='word_1_154' title='bbox 227 1962 353 2015; x_wconf 78' lang='lat' dir='ltr'>describit</span> <span class='ocrx_word' id='word_1_155' title='bbox 370 1961 548 2015; x_wconf 83' lang='lat' dir='ltr'>Vratislariae</span> <span class='ocrx_word' id='word_1_156' title='bbox 565 1960 591 2013; x_wconf 92' lang='lat' dir='ltr'>iu</span> <span class='ocrx_word' id='word_1_157' title='bbox 610 1961 716 2014; x_wconf 79' lang='lat' dir='ltr'>officim</span> <span class='ocrx_word' id='word_1_158' title='bbox 733 1963 946 2033; x_wconf 81' lang='lat' dir='ltr'>pharmaceutica</span> <span class='ocrx_word' id='word_1_159' title='bbox 963 1965 1020 2018; x_wconf 86' lang='lat' dir='ltr'>Jao.</span> <span class='ocrx_word' id='word_1_160' title='bbox 1040 1967 1128 2022; x_wconf 91' lang='lat' dir='ltr'>Crusii</span> <span class='ocrx_word' id='word_1_161' title='bbox 1138 1987 1261 2026; x_wconf 87' lang='lat' dir='ltr'>asserva-</span> 
     </span>
     <span class='ocr_line' id='line_1_21' title="bbox 133 2028 671 2097; baseline -0.007 -12"><span class='ocrx_word' id='word_1_162' title='bbox 133 2038 202 2095; x_wconf 69' lang='lat' dir='ltr'>tum</span> <span class='ocrx_word' id='word_1_163' title='bbox 219 2049 245 2087; x_wconf 86' lang='lat' dir='ltr'>v.</span> <span class='ocrx_word' id='word_1_164' title='bbox 261 2030 360 2083; x_wconf 86' lang='lat' dir='ltr'>Halieri</span> <span class='ocrx_word' id='word_1_165' title='bbox 378 2030 439 2086; x_wconf 89' lang='lat' dir='ltr'>bibl.</span> <span class='ocrx_word' id='word_1_166' title='bbox 459 2037 529 2082; x_wconf 85' lang='lat' dir='ltr'>anat.</span> <span class='ocrx_word' id='word_1_167' title='bbox 551 2030 572 2084; x_wconf 88' lang='lat'>1.</span> <span class='ocrx_word' id='word_1_168' title='bbox 594 2028 671 2097; x_wconf 74' lang='lat'>513.)</span> 
     </span>
    </p>
   </div>
   <div class='ocr_carea' id='block_1_8' title="bbox 89 2100 1261 3434">
    <p class='ocr_par' dir='ltr' id='par_1_10' title="bbox 90 2100 1260 2352">
     <span class='ocr_line' id='line_1_22' title="bbox 90 2100 1260 2187; baseline 0.004 -22"><span class='ocrx_word' id='word_1_169' title='bbox 90 2104 160 2166; x_wconf 82' lang='lat' dir='ltr'>chr.</span> <span class='ocrx_word' id='word_1_170' title='bbox 180 2103 381 2163; x_wconf 77' lang='lat' dir='ltr'>Hoffmann</span> <span class='ocrx_word' id='word_1_171' title='bbox 402 2104 485 2180; x_wconf 87' lang='lat' dir='ltr'>(resp.</span> <span class='ocrx_word' id='word_1_172' title='bbox 506 2101 553 2162; x_wconf 86' lang='lat' dir='ltr'>Jo.</span> <span class='ocrx_word' id='word_1_173' title='bbox 574 2100 706 2176; x_wconf 86' lang='lat' dir='ltr'>Melchin)</span> <span class='ocrx_word' id='word_1_174' title='bbox 739 2102 858 2161; x_wconf 80' lang='lat' dir='ltr'>diatriba</span> <span class='ocrx_word' id='word_1_175' title='bbox 881 2106 1020 2164; x_wconf 85' lang='lat' dir='ltr'>exoterica</span> <span class='ocrx_word' id='word_1_176' title='bbox 1048 2109 1086 2167; x_wconf 90' lang='lat' dir='ltr'>de</span> <span class='ocrx_word' id='word_1_177' title='bbox 1110 2111 1260 2187; x_wconf 89' lang='lat' dir='ltr'>pollinctu-</span> 
     </span>
     <span class='ocr_line' id='line_1_23' title="bbox 133 2183 1259 2265; baseline 0.007 -18"><span class='ocrx_word' id='word_1_178' title='bbox 133 2207 183 2248; x_wconf 89' lang='lat' dir='ltr'>rae</span> <span class='ocrx_word' id='word_1_179' title='bbox 205 2188 375 2264; x_wconf 86' lang='lat' dir='ltr'>antiquitate</span> <span class='ocrx_word' id='word_1_180' title='bbox 401 2205 437 2245; x_wconf 88' lang='lat' dir='ltr'>ex</span> <span class='ocrx_word' id='word_1_181' title='bbox 465 2183 590 2244; x_wconf 79' lang='lat' dir='ltr'>Arabum</span> <span class='ocrx_word' id='word_1_182' title='bbox 614 2187 789 2265; x_wconf 90' lang='lat' dir='ltr'>potissimum</span> <span class='ocrx_word' id='word_1_183' title='bbox 811 2189 987 2247; x_wconf 87' lang='lat' dir='ltr'>monimentis</span> <span class='ocrx_word' id='word_1_184' title='bbox 1008 2191 1153 2253; x_wconf 86' lang='lat' dir='ltr'>illustrata.</span> <span class='ocrx_word' id='word_1_185' title='bbox 1196 2197 1259 2260; x_wconf 81' lang='lat' dir='ltr'>len.</span> 
     </span>
     <span class='ocr_line' id='line_1_24' title="bbox 135 2267 1258 2352; baseline 0.007 -22"><span class='ocrx_word' id='word_1_186' title='bbox 135 2267 228 2336; x_wconf 86' lang='grc'><strong>1669.</strong></span> <span class='ocrx_word' id='word_1_187' title='bbox 239 2269 268 2332; x_wconf 89' lang='grc'>4.</span> <span class='ocrx_word' id='word_1_188' title='bbox 290 2274 344 2343; x_wconf 85' lang='lat' dir='ltr'>(Dc</span> <span class='ocrx_word' id='word_1_189' title='bbox 361 2275 525 2346; x_wconf 82' lang='lat' dir='ltr'>pollinctum</span> <span class='ocrx_word' id='word_1_190' title='bbox 535 2275 607 2345; x_wconf 89' lang='lat' dir='ltr'>apud</span> <span class='ocrx_word' id='word_1_191' title='bbox 618 2275 707 2328; x_wconf 84' lang='lat' dir='ltr'>varias</span> <span class='ocrx_word' id='word_1_192' title='bbox 722 2282 819 2344; x_wconf 82' lang='lat' dir='ltr'>gentes</span> <span class='ocrx_word' id='word_1_193' title='bbox 830 2278 955 2347; x_wconf 87' lang='lat' dir='ltr'>antiquas</span> <span class='ocrx_word' id='word_1_194' title='bbox 969 2280 1063 2332; x_wconf 80' lang='lat' dir='ltr'>brevis</span> <span class='ocrx_word' id='word_1_195' title='bbox 1078 2282 1258 2352; x_wconf 86' lang='lat' dir='ltr'>dissertatio.)</span> 
     </span>
    </p>

    <p class='ocr_par' dir='ltr' id='par_1_11' title="bbox 90 2355 1261 2773">
     <span class='ocr_line' id='line_1_25' title="bbox 90 2355 1260 2439; baseline 0.005 -22"><span class='ocrx_word' id='word_1_196' title='bbox 90 2356 180 2420; x_wconf 89' lang='lat' dir='ltr'>anr.</span> <span class='ocrx_word' id='word_1_197' title='bbox 203 2356 367 2415; x_wconf 87' lang='lat' dir='ltr'>Clauder</span> <span class='ocrx_word' id='word_1_198' title='bbox 386 2356 536 2415; x_wconf 88' lang='lat' dir='ltr'>methodus</span> <span class='ocrx_word' id='word_1_199' title='bbox 558 2355 730 2414; x_wconf 89' lang='lat' dir='ltr'>balsamandi</span> <span class='ocrx_word' id='word_1_200' title='bbox 751 2376 869 2434; x_wconf 88' lang='lat' dir='ltr'>corpora</span> <span class='ocrx_word' id='word_1_201' title='bbox 890 2358 1011 2419; x_wconf 86' lang='lat' dir='ltr'>hnmana</span> <span class='ocrx_word' id='word_1_202' title='bbox 1028 2361 1138 2437; x_wconf 78' lang='lat' dir='ltr'>absque</span> <span class='ocrx_word' id='word_1_203' title='bbox 1153 2366 1260 2439; x_wconf 87' lang='lat' dir='ltr'>majora</span> 
     </span>
     <span class='ocr_line' id='line_1_26' title="bbox 132 2441 1260 2519; baseline 0.005 -17"><span class='ocrx_word' id='word_1_204' title='bbox 132 2443 194 2503; x_wconf 84' lang='lat' dir='ltr'>sine</span> <span class='ocrx_word' id='word_1_205' title='bbox 216 2442 416 2501; x_wconf 68' lang='lat' dir='ltr'>aucoauone</span> <span class='ocrx_word' id='word_1_206' title='bbox 437 2448 466 2499; x_wconf 90' lang='lat' dir='ltr'>et</span> <span class='ocrx_word' id='word_1_207' title='bbox 485 2441 609 2499; x_wconf 85' lang='lat' dir='ltr'>sectione</span> <span class='ocrx_word' id='word_1_208' title='bbox 630 2441 774 2516; x_wconf 87' lang='lat' dir='ltr'>hucusque</span> <span class='ocrx_word' id='word_1_209' title='bbox 788 2442 881 2519; x_wconf 85' lang='lat' dir='ltr'>solita,</span> <span class='ocrx_word' id='word_1_210' title='bbox 897 2442 944 2499; x_wconf 92' lang='lat' dir='ltr'>ubi</span> <span class='ocrx_word' id='word_1_211' title='bbox 962 2463 1019 2502; x_wconf 93' lang='lat' dir='ltr'>non</span> <span class='ocrx_word' id='word_1_212' title='bbox 1036 2448 1123 2504; x_wconf 91' lang='lat' dir='ltr'>modo</span> <span class='ocrx_word' id='word_1_213' title='bbox 1140 2449 1176 2506; x_wconf 92' lang='lat' dir='ltr'>de</span> <span class='ocrx_word' id='word_1_214' title='bbox 1193 2470 1260 2508; x_wconf 92' lang='lat' dir='ltr'>con-</span> 
     </span>
     <span class='ocr_line' id='line_1_27' title="bbox 133 2521 1261 2611; baseline 0.007 -26"><span class='ocrx_word' id='word_1_215' title='bbox 133 2525 233 2586; x_wconf 86' lang='lat' dir='ltr'>dituris</span> <span class='ocrx_word' id='word_1_216' title='bbox 256 2531 381 2585; x_wconf 82' lang='lat' dir='ltr'>vetemm</span> <span class='ocrx_word' id='word_1_217' title='bbox 406 2521 626 2603; x_wconf 84' lang='lat' dir='ltr'>Aegyptiomm,</span> <span class='ocrx_word' id='word_1_218' title='bbox 657 2523 797 2601; x_wconf 88' lang='lat' dir='ltr'>Arabum,</span> <span class='ocrx_word' id='word_1_219' title='bbox 829 2526 1019 2602; x_wconf 87' lang='lat' dir='ltr'>Ebraeorunr,</span> <span class='ocrx_word' id='word_1_220' title='bbox 1050 2548 1083 2588; x_wconf 91' lang='lat' dir='ltr'>ac</span> <span class='ocrx_word' id='word_1_221' title='bbox 1108 2532 1136 2589; x_wconf 91' lang='lat' dir='ltr'>in</span> <span class='ocrx_word' id='word_1_222' title='bbox 1168 2536 1261 2611; x_wconf 87' lang='lat' dir='ltr'>specie</span> 
     </span>
     <span class='ocr_line' id='line_1_28' title="bbox 134 2609 1260 2690; baseline 0.007 -21"><span class='ocrx_word' id='word_1_223' title='bbox 134 2610 258 2689; x_wconf 90' lang='lat' dir='ltr'>corporis</span> <span class='ocrx_word' id='word_1_224' title='bbox 283 2610 386 2668; x_wconf 89' lang='lat' dir='ltr'>Christi</span> <span class='ocrx_word' id='word_1_225' title='bbox 411 2615 444 2666; x_wconf 90' lang='lat' dir='ltr'>ut</span> <span class='ocrx_word' id='word_1_226' title='bbox 469 2617 497 2667; x_wconf 89' lang='lat' dir='ltr'>et</span> <span class='ocrx_word' id='word_1_227' title='bbox 513 2609 711 2668; x_wconf 89' lang='lat' dir='ltr'>modernorum</span> <span class='ocrx_word' id='word_1_228' title='bbox 735 2610 843 2669; x_wconf 90' lang='lat' dir='ltr'>diversa</span> <span class='ocrx_word' id='word_1_229' title='bbox 867 2619 1064 2690; x_wconf 88' lang='lat' dir='ltr'>proponuntur</span> <span class='ocrx_word' id='word_1_230' title='bbox 1087 2621 1140 2675; x_wconf 87' lang='lat' dir='ltr'>etc.</span> <span class='ocrx_word' id='word_1_231' title='bbox 1161 2617 1260 2677; x_wconf 91' lang='lat' dir='ltr'>Alten·</span> 
     </span>
     <span class='ocr_line' id='line_1_29' title="bbox 133 2689 1074 2773; baseline -0.001 -18"><span class='ocrx_word' id='word_1_232' title='bbox 133 2696 217 2773; x_wconf 82' lang='lat' dir='ltr'>burg.</span> <span class='ocrx_word' id='word_1_233' title='bbox 242 2689 335 2755; x_wconf 81' lang='grc'><strong>1679.</strong></span> <span class='ocrx_word' id='word_1_234' title='bbox 350 2689 380 2752; x_wconf 77' lang='grc'>4.</span> <span class='ocrx_word' id='word_1_235' title='bbox 410 2698 505 2769; x_wconf 84' lang='lat' dir='ltr'>(Opus</span> <span class='ocrx_word' id='word_1_236' title='bbox 516 2698 655 2767; x_wconf 86' lang='lat' dir='ltr'>copiosum</span> <span class='ocrx_word' id='word_1_237' title='bbox 667 2707 696 2752; x_wconf 84' lang='lat' dir='ltr'>et</span> <span class='ocrx_word' id='word_1_238' title='bbox 710 2698 857 2767; x_wconf 79' lang='lat' dir='ltr'>diligenter</span> <span class='ocrx_word' id='word_1_239' title='bbox 872 2702 1074 2770; x_wconf 89' lang='lat' dir='ltr'>compositum.)</span> 
     </span>
    </p>

    <p class='ocr_par' dir='ltr' id='par_1_12' title="bbox 90 2778 1260 2930">
     <span class='ocr_line' id='line_1_30' title="bbox 90 2778 1260 2858; baseline 0.003 -17"><span class='ocrx_word' id='word_1_240' title='bbox 90 2781 158 2841; x_wconf 86' lang='lat' dir='ltr'>Chr.</span> <span class='ocrx_word' id='word_1_241' title='bbox 192 2780 219 2838; x_wconf 84' lang='lat' dir='ltr'><strong>F</strong></span> <span class='ocrx_word' id='word_1_242' title='bbox 227 2779 297 2837; x_wconf 88' lang='lat' dir='ltr'>uulr</span> <span class='ocrx_word' id='word_1_243' title='bbox 317 2778 437 2837; x_wconf 89' lang='lat' dir='ltr'>mumiae</span> <span class='ocrx_word' id='word_1_244' title='bbox 463 2779 634 2857; x_wconf 80' lang='lat' dir='ltr'>philologica</span> <span class='ocrx_word' id='word_1_245' title='bbox 658 2780 853 2839; x_wconf 86' lang='lat' dir='ltr'>consideratio.</span> <span class='ocrx_word' id='word_1_246' title='bbox 891 2781 996 2846; x_wconf 81' lang='lat' dir='ltr'>Gdrliz.</span> <span class='ocrx_word' id='word_1_247' title='bbox 1018 2778 1111 2843; x_wconf 84' lang='grc'><strong>1681.</strong></span> <span class='ocrx_word' id='word_1_248' title='bbox 1131 2781 1161 2844; x_wconf 95' lang='grc'>4.</span> <span class='ocrx_word' id='word_1_249' title='bbox 1194 2790 1260 2858; x_wconf 85' lang='grc' dir='ltr'>(Διι-</span> 
     </span>
     <span class='ocr_line' id='line_1_31' title="bbox 133 2860 447 2930; baseline -0.01 -15"><span class='ocrx_word' id='word_1_250' title='bbox 133 2861 200 2915; x_wconf 86' lang='lat' dir='ltr'>toris</span> <span class='ocrx_word' id='word_1_251' title='bbox 216 2860 340 2930; x_wconf 82' lang='lat' dir='ltr'>philologi</span> <span class='ocrx_word' id='word_1_252' title='bbox 358 2861 447 2929; x_wconf 88' lang='lat' dir='ltr'>opos.)</span> 
     </span>
    </p>

    <p class='ocr_par' dir='ltr' id='par_1_13' title="bbox 90 2927 910 3010">
     <span class='ocr_line' id='line_1_32' title="bbox 90 2927 910 3010; baseline -0.004 -16"><span class='ocrx_word' id='word_1_253' title='bbox 90 2933 189 2994; x_wconf 78' lang='lat' dir='ltr'>Lcttre</span> <span class='ocrx_word' id='word_1_254' title='bbox 213 2952 262 2992; x_wconf 88' lang='lat' dir='ltr'>sur</span> <span class='ocrx_word' id='word_1_255' title='bbox 284 2952 340 2990; x_wconf 90' lang='lat' dir='ltr'>nne</span> <span class='ocrx_word' id='word_1_256' title='bbox 360 2933 462 2991; x_wconf 92' lang='lat' dir='ltr'>momie</span> <span class='ocrx_word' id='word_1_257' title='bbox 482 2931 635 3010; x_wconf 81' lang='lat' dir='ltr'>d&#39;Egypte.</span> <span class='ocrx_word' id='word_1_258' title='bbox 660 2928 741 2989; x_wconf 84' lang='lat' dir='ltr'>Paris</span> <span class='ocrx_word' id='word_1_259' title='bbox 767 2927 859 2994; x_wconf 79' lang='lat'>1692.</span> <span class='ocrx_word' id='word_1_260' title='bbox 879 2927 910 2991; x_wconf 88' lang='grc'>4.</span> 
     </span>
    </p>

    <p class='ocr_par' dir='ltr' id='par_1_14' title="bbox 89 3013 1260 3183">
     <span class='ocr_line' id='line_1_33' title="bbox 89 3013 1260 3094; baseline 0.003 -16"><span class='ocrx_word' id='word_1_261' title='bbox 89 3019 163 3082; x_wconf 83' lang='lat' dir='ltr'>Just</span> <span class='ocrx_word' id='word_1_262' title='bbox 183 3018 314 3077; x_wconf 82' lang='lat' dir='ltr'>Vestus</span> <span class='ocrx_word' id='word_1_263' title='bbox 340 3013 428 3094; x_wconf 89' lang='lat' dir='ltr'>(resp.</span> <span class='ocrx_word' id='word_1_264' title='bbox 447 3016 562 3093; x_wconf 85' lang='lat' dir='ltr'>Brebis)</span> <span class='ocrx_word' id='word_1_265' title='bbox 583 3017 656 3094; x_wconf 89' lang='lat' dir='ltr'>disp.</span> <span class='ocrx_word' id='word_1_266' title='bbox 679 3018 716 3074; x_wconf 90' lang='lat' dir='ltr'>de</span> <span class='ocrx_word' id='word_1_267' title='bbox 731 3017 907 3094; x_wconf 76' lang='lat' dir='ltr'>pollinctum.</span> <span class='ocrx_word' id='word_1_268' title='bbox 930 3016 1043 3077; x_wconf 81' lang='lat' dir='ltr'>Extord.</span> <span class='ocrx_word' id='word_1_269' title='bbox 1069 3016 1158 3087; x_wconf 87' lang='grc'><strong>1695,</strong></span> <span class='ocrx_word' id='word_1_270' title='bbox 1174 3019 1203 3082; x_wconf 94' lang='grc'>4.</span> <span class='ocrx_word' id='word_1_271' title='bbox 1216 3058 1260 3069; x_wconf 94' lang='grc'><strong>-</strong></span> 
     </span>
     <span class='ocr_line' id='line_1_34' title="bbox 135 3099 1088 3183; baseline -0.001 -21"><span class='ocrx_word' id='word_1_272' title='bbox 135 3101 201 3162; x_wconf 60' lang='lat' dir='ltr'>&amp;cm</span> <span class='ocrx_word' id='word_1_273' title='bbox 218 3121 313 3183; x_wconf 81' lang='lat' dir='ltr'>progr.</span> <span class='ocrx_word' id='word_1_274' title='bbox 336 3103 369 3159; x_wconf 85' lang='lat' dir='ltr'>de</span> <span class='ocrx_word' id='word_1_275' title='bbox 389 3104 493 3159; x_wconf 78' lang='lat' dir='ltr'>moniis</span> <span class='ocrx_word' id='word_1_276' title='bbox 512 3102 689 3178; x_wconf 75' lang='lat' dir='ltr'>Aegyptiacis</span> <span class='ocrx_word' id='word_1_277' title='bbox 710 3099 789 3160; x_wconf 81' lang='lat' dir='ltr'>Petri</span> <span class='ocrx_word' id='word_1_278' title='bbox 810 3103 845 3160; x_wconf 87' lang='lat' dir='ltr'>ob</span> <span class='ocrx_word' id='word_1_279' title='bbox 869 3101 904 3159; x_wconf 86' lang='lat' dir='ltr'><em>H</em></span> <span class='ocrx_word' id='word_1_280' title='bbox 907 3102 1060 3180; x_wconf 82' lang='lat' dir='ltr'>orteasel</span> <span class='ocrx_word' id='word_1_281' title='bbox 1067 3127 1088 3169; x_wconf 81' lang='lat' dir='ltr'>s,</span> 
     </span>
    </p>

    <p class='ocr_par' dir='ltr' id='par_1_15' title="bbox 90 3185 1259 3434">
     <span class='ocr_line' id='line_1_35' title="bbox 90 3185 1259 3264; baseline 0.003 -16"><span class='ocrx_word' id='word_1_282' title='bbox 90 3188 150 3249; x_wconf 78' lang='lat' dir='ltr'>los.</span> <span class='ocrx_word' id='word_1_283' title='bbox 171 3187 338 3248; x_wconf 87' lang='lat' dir='ltr'>Lanzoni</span> <span class='ocrx_word' id='word_1_284' title='bbox 359 3191 494 3245; x_wconf 86' lang='lat' dir='ltr'>tractatus</span> <span class='ocrx_word' id='word_1_285' title='bbox 517 3186 554 3244; x_wconf 92' lang='lat' dir='ltr'>de</span> <span class='ocrx_word' id='word_1_286' title='bbox 575 3185 969 3247; x_wconf 86' lang='lat' dir='ltr'>balsamationc·cadaverum</span> <span class='ocrx_word' id='word_1_287' title='bbox 994 3189 1021 3245; x_wconf 91' lang='lat' dir='ltr'>in</span> <span class='ocrx_word' id='word_1_288' title='bbox 1041 3207 1099 3264; x_wconf 92' lang='lat' dir='ltr'>qno</span> <span class='ocrx_word' id='word_1_289' title='bbox 1119 3210 1176 3250; x_wconf 91' lang='lat' dir='ltr'>non</span> <span class='ocrx_word' id='word_1_290' title='bbox 1195 3198 1259 3251; x_wconf 88' lang='lat' dir='ltr'>tan-</span> 
     </span>
     <span class='ocr_line' id='line_1_36' title="bbox 132 3270 1257 3350; baseline 0.004 -19"><span class='ocrx_word' id='word_1_291' title='bbox 132 3279 194 3332; x_wconf 87' lang='lat' dir='ltr'>turn</span> <span class='ocrx_word' id='word_1_292' title='bbox 222 3273 260 3330; x_wconf 88' lang='lat' dir='ltr'>de</span> <span class='ocrx_word' id='word_1_293' title='bbox 287 3270 454 3350; x_wconf 86' lang='lat' dir='ltr'>polliuetura</span> <span class='ocrx_word' id='word_1_294' title='bbox 481 3270 558 3348; x_wconf 91' lang='lat' dir='ltr'>apud</span> <span class='ocrx_word' id='word_1_295' title='bbox 582 3276 690 3328; x_wconf 86' lang='lat' dir='ltr'>veteres</span> <span class='ocrx_word' id='word_1_296' title='bbox 720 3271 772 3329; x_wconf 90' lang='lat' dir='ltr'>sed</span> <span class='ocrx_word' id='word_1_297' title='bbox 799 3272 881 3328; x_wconf 88' lang='lat' dir='ltr'>etiarn</span> <span class='ocrx_word' id='word_1_298' title='bbox 909 3272 946 3329; x_wconf 85' lang='lat' dir='ltr'>de</span> <span class='ocrx_word' id='word_1_299' title='bbox 977 3273 1060 3330; x_wconf 81' lang='lat' dir='ltr'>variis</span> <span class='ocrx_word' id='word_1_300' title='bbox 1085 3274 1257 3337; x_wconf 86' lang='lat' dir='ltr'>balsamandi</span> 
     </span>
     <span class='ocr_line' id='line_1_37' title="bbox 132 3354 1258 3434; baseline 0.003 -19"><span class='ocrx_word' id='word_1_301' title='bbox 132 3359 269 3416; x_wconf 72' lang='lat' dir='ltr'>cadavera</span> <span class='ocrx_word' id='word_1_302' title='bbox 298 3357 391 3413; x_wconf 88' lang='lat' dir='ltr'>modis</span> <span class='ocrx_word' id='word_1_303' title='bbox 416 3355 492 3433; x_wconf 94' lang='lat' dir='ltr'>apud</span> <span class='ocrx_word' id='word_1_304' title='bbox 517 3360 641 3412; x_wconf 86' lang='lat' dir='ltr'>recentes</span> <span class='ocrx_word' id='word_1_305' title='bbox 668 3355 757 3411; x_wconf 87' lang='lat' dir='ltr'>multa</span> <span class='ocrx_word' id='word_1_306' title='bbox 788 3357 897 3412; x_wconf 88' lang='lat' dir='ltr'>curiosa</span> <span class='ocrx_word' id='word_1_307' title='bbox 927 3354 1048 3413; x_wconf 87' lang='lat' dir='ltr'>breviter</span> <span class='ocrx_word' id='word_1_308' title='bbox 1071 3369 1258 3434; x_wconf 85' lang='lat' dir='ltr'>exponuntur,</span> 
     </span>
    </p>
   </div>
   <div class='ocr_carea' id='block_1_9' title="bbox 130 3432 1305 3519">
    <p class='ocr_par' dir='ltr' id='par_1_16' title="bbox 130 3432 1305 3519">
     <span class='ocr_line' id='line_1_38' title="bbox 130 3432 1305 3519; baseline 0.003 -19"><span class='ocrx_word' id='word_1_309' title='bbox 130 3433 434 3514; x_wconf 74' lang='lat' dir='ltr'>Fener.1693.12.;</span> <span class='ocrx_word' id='word_1_310' title='bbox 458 3439 565 3497; x_wconf 79' lang='lat' dir='ltr'>Gener.</span> <span class='ocrx_word' id='word_1_311' title='bbox 596 3432 685 3500; x_wconf 89' lang='grc'><strong>1696.</strong></span> <span class='ocrx_word' id='word_1_312' title='bbox 717 3433 783 3510; x_wconf 70' lang='grc'><strong>19.;</strong></span> <span class='ocrx_word' id='word_1_313' title='bbox 815 3437 934 3516; x_wconf 87' lang='lat' dir='ltr'>Neapol.</span> <span class='ocrx_word' id='word_1_314' title='bbox 958 3433 1050 3502; x_wconf 86' lang='grc'><strong>1765.</strong></span> <span class='ocrx_word' id='word_1_315' title='bbox 1073 3436 1123 3503; x_wconf 74' lang='lat'>12.</span> <span class='ocrx_word' id='word_1_316' title='bbox 1156 3444 1258 3519; x_wconf 85' lang='lat' dir='ltr'>(Colle-</span> <span class='ocrx_word' id='word_1_317' title='bbox 1302 3453 1305 3459; x_wconf 85' lang='lat'>&#39;</span> 
     </span>
    </p>
   </div>
   <div class='ocr_carea' id='block_1_10' title="bbox 87 3526 1259 3672">
    <p class='ocr_par' dir='ltr' id='par_1_17' title="bbox 87 3526 1259 3672">
     <span class='ocr_line' id='line_1_39' title="bbox 87 3526 1259 3672; baseline 0 -15"><span class='ocrx_word' id='word_1_318' title='bbox 87 3526 330 3670; x_wconf 54' lang='lat' dir='ltr'>Friciine‘ilieoph.</span> <span class='ocrx_word' id='word_1_319' title='bbox 360 3591 518 3651; x_wconf 89' lang='lat' dir='ltr'>Kettuer</span> <span class='ocrx_word' id='word_1_320' title='bbox 546 3590 720 3648; x_wconf 87' lang='lat' dir='ltr'>schediasma</span> <span class='ocrx_word' id='word_1_321' title='bbox 747 3591 784 3649; x_wconf 90' lang='lat' dir='ltr'>de</span> <span class='ocrx_word' id='word_1_322' title='bbox 812 3591 921 3650; x_wconf 79' lang='lat' dir='ltr'>muntiis</span> <span class='ocrx_word' id='word_1_323' title='bbox 955 3589 1137 3672; x_wconf 81' lang='lat' dir='ltr'>Aegyptiacis</span> <span class='ocrx_word' id='word_1_324' title='bbox 1166 3602 1195 3656; x_wconf 93' lang='lat' dir='ltr'>et</span> <span class='ocrx_word' id='word_1_325' title='bbox 1222 3599 1259 3657; x_wconf 90' lang='lat' dir='ltr'>de</span> 
     </span>
    </p>
   </div>
   <div class='ocr_carea' id='block_1_11' title="bbox 86 3672 1259 4429">
    <p class='ocr_par' dir='ltr' id='par_1_18' title="bbox 129 3672 1258 3922">
     <span class='ocr_line' id='line_1_40' title="bbox 131 3672 1258 3756; baseline 0.001 -18"><span class='ocrx_word' id='word_1_326' title='bbox 131 3679 248 3756; x_wconf 77' lang='lat' dir='ltr'>egregia</span> <span class='ocrx_word' id='word_1_327' title='bbox 273 3675 412 3755; x_wconf 78' lang='lat' dir='ltr'>lipsiensi</span> <span class='ocrx_word' id='word_1_328' title='bbox 433 3677 461 3734; x_wconf 93' lang='lat' dir='ltr'>in</span> <span class='ocrx_word' id='word_1_329' title='bbox 484 3675 654 3734; x_wconf 90' lang='lat' dir='ltr'>bibliotheca</span> <span class='ocrx_word' id='word_1_330' title='bbox 673 3683 798 3735; x_wconf 87' lang='lat' dir='ltr'>senatus.</span> <span class='ocrx_word' id='word_1_331' title='bbox 840 3675 927 3735; x_wconf 88' lang='lat' dir='ltr'>Paris.</span> <span class='ocrx_word' id='word_1_332' title='bbox 949 3672 1040 3736; x_wconf 86' lang='grc'><strong>1694.</strong></span> <span class='ocrx_word' id='word_1_333' title='bbox 1063 3674 1092 3741; x_wconf 86' lang='grc'>4.</span> <span class='ocrx_word' id='word_1_334' title='bbox 1115 3714 1158 3726; x_wconf 90' lang='lat'>—</span> <span class='ocrx_word' id='word_1_335' title='bbox 1184 3681 1258 3740; x_wconf 82' lang='lat' dir='ltr'>Edi-</span> 
     </span>
     <span class='ocr_line' id='line_1_41' title="bbox 130 3755 1257 3845; baseline 0.002 -22"><span class='ocrx_word' id='word_1_336' title='bbox 130 3755 704 3840; x_wconf 77' lang='lat' dir='ltr'>tioaltercrLips.1703.8.-Beccs.</span> <span class='ocrx_word' id='word_1_337' title='bbox 730 3763 761 3818; x_wconf 81' lang='lat' dir='ltr'>io</span> <span class='ocrx_word' id='word_1_338' title='bbox 779 3760 880 3824; x_wconf 85' lang='lat' dir='ltr'>Franc.</span> <span class='ocrx_word' id='word_1_339' title='bbox 903 3761 970 3820; x_wconf 85' lang='lat' dir='ltr'>Ern.</span> <span class='ocrx_word' id='word_1_340' title='bbox 992 3763 1170 3823; x_wconf 85' lang='lat' dir='ltr'>Brirckmann</span> <span class='ocrx_word' id='word_1_341' title='bbox 1192 3786 1257 3845; x_wconf 89' lang='lat' dir='ltr'>epp.</span> 
     </span>
     <span class='ocr_line' id='line_1_42' title="bbox 129 3839 1035 3922; baseline -0.004 -14"><span class='ocrx_word' id='word_1_342' title='bbox 129 3849 220 3908; x_wconf 77' lang='lat' dir='ltr'>isaer.</span> <span class='ocrx_word' id='word_1_343' title='bbox 246 3851 350 3905; x_wconf 85' lang='lat' dir='ltr'>centur.</span> <span class='ocrx_word' id='word_1_344' title='bbox 372 3844 422 3909; x_wconf 92' lang='lat' dir='ltr'>Ill.</span> <span class='ocrx_word' id='word_1_345' title='bbox 443 3865 472 3922; x_wconf 87' lang='lat' dir='ltr'>p.</span> <span class='ocrx_word' id='word_1_346' title='bbox 494 3839 556 3902; x_wconf 79' lang='lat'>1³5</span> <span class='ocrx_word' id='word_1_347' title='bbox 576 3862 621 3920; x_wconf 81' lang='lat' dir='ltr'>sq.</span> <span class='ocrx_word' id='word_1_348' title='bbox 642 3849 796 3918; x_wconf 81' lang='lat' dir='ltr'>(Theologi</span> <span class='ocrx_word' id='word_1_349' title='bbox 810 3851 928 3903; x_wconf 86' lang='lat' dir='ltr'>auctoris</span> <span class='ocrx_word' id='word_1_350' title='bbox 945 3852 1035 3919; x_wconf 91' lang='lat' dir='ltr'>opus.)</span> 
     </span>
    </p>

    <p class='ocr_par' dir='ltr' id='par_1_19' title="bbox 87 3928 1259 4253">
     <span class='ocr_line' id='line_1_43' title="bbox 87 3928 1258 3995; baseline 0.002 -2"><span class='ocrx_word' id='word_1_351' title='bbox 87 3932 177 3994; x_wconf 93' lang='lat' dir='ltr'>Louis</span> <span class='ocrx_word' id='word_1_352' title='bbox 197 3931 374 3992; x_wconf 91' lang='lat' dir='ltr'>Penicher</span> <span class='ocrx_word' id='word_1_353' title='bbox 396 3929 479 3989; x_wconf 75' lang='lat' dir='ltr'>traite</span> <span class='ocrx_word' id='word_1_354' title='bbox 507 3929 557 3986; x_wconf 90' lang='lat' dir='ltr'>des</span> <span class='ocrx_word' id='word_1_355' title='bbox 585 3928 810 3988; x_wconf 90' lang='lat' dir='ltr'>embaumemens</span> <span class='ocrx_word' id='word_1_356' title='bbox 834 3931 914 3989; x_wconf 92' lang='lat' dir='ltr'>selon</span> <span class='ocrx_word' id='word_1_357' title='bbox 942 3931 982 3988; x_wconf 91' lang='lat' dir='ltr'>les</span> <span class='ocrx_word' id='word_1_358' title='bbox 1014 3931 1135 3992; x_wconf 88' lang='lat' dir='ltr'>Anciens</span> <span class='ocrx_word' id='word_1_359' title='bbox 1163 3941 1192 3994; x_wconf 89' lang='lat' dir='ltr'>et</span> <span class='ocrx_word' id='word_1_360' title='bbox 1217 3936 1258 3995; x_wconf 89' lang='lat' dir='ltr'>les</span> 
     </span>
     <span class='ocr_line' id='line_1_44' title="bbox 129 4012 1258 4094; baseline 0.001 -17"><span class='ocrx_word' id='word_1_361' title='bbox 129 4017 283 4078; x_wconf 70' lang='lat' dir='ltr'>modernos</span> <span class='ocrx_word' id='word_1_362' title='bbox 303 4034 372 4074; x_wconf 88' lang='lat' dir='ltr'>avec</span> <span class='ocrx_word' id='word_1_363' title='bbox 392 4033 448 4072; x_wconf 90' lang='lat' dir='ltr'>une</span> <span class='ocrx_word' id='word_1_364' title='bbox 472 4012 642 4088; x_wconf 84' lang='lat' dir='ltr'>description</span> <span class='ocrx_word' id='word_1_365' title='bbox 664 4013 701 4070; x_wconf 89' lang='lat' dir='ltr'>dc</span> <span class='ocrx_word' id='word_1_366' title='bbox 733 4013 868 4090; x_wconf 90' lang='lat' dir='ltr'>quelques</span> <span class='ocrx_word' id='word_1_367' title='bbox 893 4018 1092 4094; x_wconf 89' lang='lat' dir='ltr'>compositions</span> <span class='ocrx_word' id='word_1_368' title='bbox 1128 4019 1258 4078; x_wconf 64' lang='lat' dir='ltr'>balsami*</span> 
     </span>
     <span class='ocr_line' id='line_1_45' title="bbox 129 4091 1259 4180; baseline -0.001 -18"><span class='ocrx_word' id='word_1_369' title='bbox 129 4121 202 4180; x_wconf 76' lang='lat' dir='ltr'>ques</span> <span class='ocrx_word' id='word_1_370' title='bbox 222 4107 253 4160; x_wconf 84' lang='lat' dir='ltr'>et</span> <span class='ocrx_word' id='word_1_371' title='bbox 269 4101 429 4159; x_wconf 77' lang='lat' dir='ltr'>odorantes.</span> <span class='ocrx_word' id='word_1_372' title='bbox 451 4097 529 4156; x_wconf 78' lang='lat' dir='ltr'>Poris</span> <span class='ocrx_word' id='word_1_373' title='bbox 550 4092 638 4156; x_wconf 90' lang='grc'><strong>1699.</strong></span> <span class='ocrx_word' id='word_1_374' title='bbox 659 4091 783 4180; x_wconf 82' lang='grc'><strong>(1701.)</strong></span> <span class='ocrx_word' id='word_1_375' title='bbox 797 4095 826 4158; x_wconf 86' lang='grc'><strong>8.</strong></span> <span class='ocrx_word' id='word_1_376' title='bbox 849 4105 1089 4178; x_wconf 86' lang='lat' dir='ltr'>(Pharmacopolae</span> <span class='ocrx_word' id='word_1_377' title='bbox 1100 4124 1168 4178; x_wconf 89' lang='lat' dir='ltr'>opus</span> <span class='ocrx_word' id='word_1_378' title='bbox 1178 4108 1259 4162; x_wconf 86' lang='lat' dir='ltr'>etiam</span> 
     </span>
     <span class='ocr_line' id='line_1_46' title="bbox 129 4180 444 4253; baseline -0.022 -14"><span class='ocrx_word' id='word_1_379' title='bbox 129 4181 280 4253; x_wconf 83' lang='lat' dir='ltr'>antiquiora</span> <span class='ocrx_word' id='word_1_380' title='bbox 297 4180 444 4246; x_wconf 79' lang='lat' dir='ltr'>exbibens.)</span> 
     </span>
    </p>

    <p class='ocr_par' dir='ltr' id='par_1_20' title="bbox 86 4266 1255 4429">
     <span class='ocr_line' id='line_1_47' title="bbox 86 4266 1255 4349; baseline 0 -15"><span class='ocrx_word' id='word_1_381' title='bbox 86 4272 192 4334; x_wconf 89' lang='lat' dir='ltr'>Thom.</span> <span class='ocrx_word' id='word_1_382' title='bbox 221 4271 412 4329; x_wconf 89' lang='lat' dir='ltr'>Greenhill</span> <span class='ocrx_word' id='word_1_383' title='bbox 441 4266 639 4347; x_wconf 78' lang='grc' dir='ltr'><strong><em>νεκροκηδεια</em></strong></span> <span class='ocrx_word' id='word_1_384' title='bbox 666 4286 700 4324; x_wconf 87' lang='lat' dir='ltr'>or</span> <span class='ocrx_word' id='word_1_385' title='bbox 725 4267 774 4326; x_wconf 90' lang='lat' dir='ltr'>the</span> <span class='ocrx_word' id='word_1_386' title='bbox 802 4274 846 4326; x_wconf 83' lang='lat' dir='ltr'>art</span> <span class='ocrx_word' id='word_1_387' title='bbox 874 4272 909 4329; x_wconf 86' lang='lat' dir='ltr'>ot</span> <span class='ocrx_word' id='word_1_388' title='bbox 929 4271 1105 4349; x_wconf 80' lang='lat' dir='ltr'>embalming.</span> <span class='ocrx_word' id='word_1_389' title='bbox 1161 4271 1255 4334; x_wconf 92' lang='lat' dir='ltr'>Lond.</span> 
     </span>
     <span class='ocr_line' id='line_1_48' title="bbox 130 4352 1212 4429; baseline -0.012 -12"><span class='ocrx_word' id='word_1_390' title='bbox 130 4352 224 4418; x_wconf 84' lang='grc'><strong>1705.</strong></span> <span class='ocrx_word' id='word_1_391' title='bbox 247 4352 279 4418; x_wconf 88' lang='grc'>4.</span> <span class='ocrx_word' id='word_1_392' title='bbox 300 4361 404 4429; x_wconf 83' lang='lat' dir='ltr'>(Etiam</span> <span class='ocrx_word' id='word_1_393' title='bbox 416 4359 453 4411; x_wconf 90' lang='lat' dir='ltr'>ad</span> <span class='ocrx_word' id='word_1_394' title='bbox 466 4363 576 4410; x_wconf 73' lang='lat' dir='ltr'>veteres</span> <span class='ocrx_word' id='word_1_395' title='bbox 590 4356 722 4425; x_wconf 83' lang='lat' dir='ltr'>spectat.)</span> <span class='ocrx_word' id='word_1_396' title='bbox 1209 4382 1212 4387; x_wconf 95' lang='lat'><em>·</em></span> 
     </span>
    </p>
   </div>
   <div class='ocr_carea' id='block_1_12' title="bbox 84 4453 1255 4614">
    <p class='ocr_par' dir='ltr' id='par_1_21' title="bbox 84 4453 1255 4614">
     <span class='ocr_line' id='line_1_49' title="bbox 84 4453 1255 4538; baseline -0.002 -18"><span class='ocrx_word' id='word_1_397' title='bbox 84 4459 154 4524; x_wconf 84' lang='lat' dir='ltr'>Chr.</span> <span class='ocrx_word' id='word_1_398' title='bbox 175 4456 342 4534; x_wconf 82' lang='lat' dir='ltr'>Hertnog</span> <span class='ocrx_word' id='word_1_399' title='bbox 361 4453 582 4534; x_wconf 82' lang='lat' dir='ltr'>mumiographia</span> <span class='ocrx_word' id='word_1_400' title='bbox 602 4453 710 4513; x_wconf 87' lang='lat' dir='ltr'>medica</span> <span class='ocrx_word' id='word_1_401' title='bbox 737 4453 808 4513; x_wconf 91' lang='lat' dir='ltr'>oder</span> <span class='ocrx_word' id='word_1_402' title='bbox 836 4453 951 4513; x_wconf 87' lang='lat' dir='ltr'>Bericht</span> <span class='ocrx_word' id='word_1_403' title='bbox 978 4473 1034 4513; x_wconf 86' lang='lat' dir='ltr'>von</span> <span class='ocrx_word' id='word_1_404' title='bbox 1063 4454 1255 4538; x_wconf 84' lang='lat' dir='ltr'>Egyptischen</span> 
     </span>
     <span class='ocr_line' id='line_1_50' title="bbox 942 4549 1005 4614; baseline -0.032 0"><span class='ocrx_word' id='word_1_405' title='bbox 942 4549 1005 4614; x_wconf 75' lang='lat'>10*</span> 
     </span>
    </p>
   </div>
   <div class='ocr_carea' id='block_1_13' title="bbox 0 0 1444 4974">
    <p class='ocr_par' dir='ltr' id='par_1_22' title="bbox 0 0 1444 4974">
     <span class='ocr_line' id='line_1_51' title="bbox 0 0 1444 4974; baseline 0 0"><span class='ocrx_word' id='word_1_406' title='bbox 0 0 1444 4974; x_wconf 95' lang='lat' dir='ltr'> </span> 
     </span>
    </p>
   </div>
  </div>
 </body>
</html>
