2874 4974
137 313 200 382 lto
591 315 731 378 Medicina
759 317 864 378 clinica.

144 506 147 513 ·
179 466 424 532 decreuerischeu
445 467 646 534 Kranlrheiten.
690 472 798 547 stuttg.
820 491 850 535 u.
872 466 999 546 Tirbing.
1027 459 1119 529 1825.
1140 463 1172 530 8.
1206 470 1309 543 (Bonas

96 584 99 589 ·
181 553 229 609 sed
247 570 298 606 non
315 554 348 605 ad
366 552 442 604 finem
459 552 601 622 perductas
620 553 738 606 continet
755 552 951 621 disquisitiones
969 551 1003 604 de
1020 551 1131 605 historia
1147 551 1239 623 syph.)

137 625 274 687 Alexand.
295 624 439 684 Dubled
464 645 538 703 coup
567 624 649 684 d’oeil
676 626 831 701 historique
857 645 905 684 sur
931 625 959 682 la
982 624 1103 683 maledie
1130 627 1307 684 venerieune.

181 712 259 770 Paris
277 705 413 769 188518·
436 722 508 790 (Cir.
541 724 662 790 Ejusd.
684 720 833 791 exposition
848 725 881 776 de
896 724 924 778 lo
941 726 1064 778 nonnette
1077 725 1199 778 doctrine
1215 739 1263 777 sur
1280 725 1309 776 to

179 794 244 846 mat.
264 808 323 847 oen.
357 787 432 844 Paris
450 791 526 845 1829.
543 791 582 855 8.;
601 808 715 860 ger-an.
733 791 825 862 Leipz.
845 792 921 850 1830.
938 791 975 857 8.)

137 863 174 926 Δ.
202 865 263 924 Pet.
285 866 328 923 de
349 863 545 940 Jurgenew
564 866 629 923 diss.
658 864 758 924 sistens
785 865 838 924 luis
861 884 996 945 venereae
1019 864 1097 944 apud
1122 864 1241 924 Veteres
1260 882 1309 922 ve·

179 950 271 1026 dilgia·
308 947 425 1025 Domai·
451 944 595 1010 182118·
628 962 698 1029 (Cir.
717 964 788 1018 Rust
805 964 862 1018 und
883 963 982 1033 Cnrper
998 963 1062 1020 lrrit.
1081 960 1307 1033 Repertor.s.cl.

180 1029 340 1097 neaeman,
361 1029 413 1082 aa.
431 1029 474 1085 no.
490 1032 520 1086 s,
539 1029 611 1099 141.)

136 1103 173 1170 F.
198 1105 233 1162 C.
257 1103 373 1178 Hergt
402 1102 586 1178 Gesohichte,
615 1103 801 1163 Erlrenntniss
826 1105 884 1163 und
905 1104 1030 1181 Heilung
1055 1103 1106 1162 der
1123 1100 1306 1164 Lustseuche.

180 1187 461 1264 lnauguralabhandl.
482 1189 627 1249 Hadnmar
645 1190 820 1267 (Weilburg)
846 1184 938 1254 1826.
960 1185 991 1249 8.

137 1275 246 1337 Friedr.
271 1273 408 1332 Alexand.
430 1274 550 1333 Simon
573 1276 655 1352 (jun.)
672 1277 743 1334 iiber
758 1276 813 1334 den
830 1275 969 1334 sublimat
988 1274 1046 1333 und
1063 1275 1109 1333 die
1129 1273 1306 1332 lnunetions·

179 1381 237 1420 cur.
279 1360 334 1418 Ein
356 1359 661 1419 historisch-hritisoher
681 1361 817 1421 Versuch.
860 1355 1120 1436 Hamburg1826.
1147 1356 1178 1417 8.

137 1479 186 1492 -
205 1479 250 1490 -
268 1445 395 1504 Versuch
417 1445 492 1503 einer
513 1446 576 1504 krit.
605 1444 773 1504 Gesohichte
798 1446 848 1503 der
870 1445 1160 1521 verschiedenartigen
1187 1443 1305 1504 besoud.

182 1530 315 1590 unreinen
339 1530 538 1606 Behattungen
559 1532 587 1590 d.
603 1529 869 1589 Geschlechtstbeile
889 1551 917 1589 u.
943 1532 1017 1588 ihrer
1036 1529 1216 1606 Umgegend‚
1236 1529 1306 1585 oder

179 1618 232 1675 der
252 1614 387 1672 iirtlichen
405 1613 555 1690 Lustiibel‚
577 1617 630 1675 seit
654 1618 704 1675 der
731 1616 849 1674 iltesten
876 1616 917 1672 bis
946 1616 998 1672 auf
1016 1615 1063 1672 die
1089 1620 1207 1674 neueste
1230 1613 1305 1685 Zeit,

178 1703 239 1760 und
259 1700 333 1758 ihres
357 1699 561 1758 Verhiiltnisses
590 1721 626 1759 zu
656 1703 707 1759 der
734 1701 817 1758 Ende
846 1700 898 1758 des
925 1698 988 1758 XV.
1018 1699 1225 1758 Jahrhunderts
1263 1717 1306 1756 er·

178 1787 343 1844 schinnenen
369 1782 542 1844 Lustseuche
566 1806 594 1844 u.
620 1805 643 1843 s.
669 1805 703 1848 w.
733 1781 840 1847 ande.
878 1785 1027 1860 Hamburg
1049 1779 1141 1845 1830.
1165 1776 1257 1843 1831.
1276 1777 1304 1841 8.

181 1867 222 1932 (ln
241 1865 401 1934 temporibus
418 1865 531 1935 antiquis
549 1869 697 1919 Gruuerurn
715 1884 806 1936 presso
824 1866 893 1937 pede
910 1865 1030 1936 sequitur
1046 1873 1074 1920 ot
1089 1865 1260 1931 Henslerum,
1277 1863 1304 1917 in

180 1933 370 1989 recentioribus
388 1943 512 2004 excerpta
528 1936 678 2007 plerumque
696 1936 824 2002 exhibet.)

135 2006 224 2067 Marie
245 2005 336 2065 Nicol.
359 2004 539 2084 Devergie
564 2007 648 2084 (sen.)
669 2009 831 2067 recherches
852 2007 1021 2083 historiques
1035 1998 1068 2066 'et
1089 2005 1240 2066 medicales
1257 2024 1305 2063 sur

179 2090 317 2168 longine,
337 2089 365 2149 la
384 2097 483 2150 nature
499 2099 528 2151 et
554 2093 581 2153 le
603 2094 763 2153 truitement
791 2094 827 2152 de
851 2093 879 2151 la
902 2093 1026 2172 syphilis.
1057 2092 1135 2150 Paris
1159 2085 1251 2154 1834.
1273 2086 1302 2150 8.

178 2177 266 2235 Antea
283 2179 313 2234 in
334 2174 456 2236 Annales
478 2178 515 2236 de
538 2176 565 2236 la
585 2180 662 2238 med.
687 2178 807 2256 physiol.
830 2173 921 2236 1834.
949 2212 992 2222 -
1020 2177 1104 2254 Aegl.
1125 2181 1193 2240 vert.
1228 2176 1303 2234 John

179 2260 297 2320 Sinclair
316 2260 431 2325 lnnes.
474 2261 578 2326 Edinb.
604 2265 662 2322 and
688 2262 782 2322 Lond.
813 2257 904 2323 1837.
927 2257 977 2321 18.

134 2347 212 2409 Max.
233 2344 345 2408 Ludov.
373 2346 532 2406 Schrank
554 2349 590 2407 de
614 2349 667 2407 luis
693 2367 829 2407 venereae
852 2348 1020 2423 antiquitate
1046 2353 1076 2424 et
1106 2345 1215 2423 origine
1237 2345 1304 2408 diss.

176 2433 271 2507 inaug.
292 2430 439 2490 Ratlsbon.
461 2439 492 2491 et
510 2432 641 2494 Monach.
669 2428 758 2492 1834.
784 2428 815 2492 8.
841 2445 914 2507 (Non
927 2444 1304 2499 ethericanriundarnesss

176 2511 340 2583 syphilideru‚
358 2512 404 2565 sed
422 2513 550 2567 diversam
569 2514 671 2567 omnino
695 2532 753 2567 esse
776 2513 842 2566 luem
860 2532 996 2568 veneream
1014 2514 1187 2568 recentiorum
1201 2513 1302 2567 abillis

177 2581 390 2651 symptomstibus
408 2582 529 2651 syphilidi
548 2583 683 2649 similibus,
700 2600 768 2653 quae
780 2584 849 2650 apud
868 2595 971 2638 veteres
988 2587 1151 2648 occurrunt.)

134 2656 180 2715 Jo.
206 2652 280 2715 Guil.
307 2654 337 2711 H
344 2654 509 2713 entscbel
532 2658 672 2732 quaedum
693 2657 730 2715 de
751 2656 867 2715 historia
887 2665 917 2717 et
934 2655 1201 2736 naturasyphilidis.
1226 2654 1301 2735 Dias.

176 2740 270 2815 inaug.
291 2738 359 2800 Hal.
383 2734 473 2798 1834.
495 2736 527 2799 8.

133 2823 222 2883 Math.
247 2823 265 2880 J
271 2825 361 2882 andt
381 2825 417 2883 de
437 2824 482 2883 lue
495 2831 621 2884 veterum
636 2830 665 2884 et
685 2825 837 2884 recentium
853 2827 919 2890 diss.
931 2827 1026 2903 inaug.
1052 2823 1185 2884 Monach.
1206 2818 1299 2884 1834.

176 2902 206 2966 8.
225 2913 327 3038 lqLuem
338 2920 459 2966 veterum
470 2931 492 2971 s.
506 2914 642 2985 antiquam
656 2932 741 2986 usque
753 2916 787 2968 ad
798 2933 894 2969 annum
908 2916 975 2972 1494
986 2918 1122 2970 diversam
1134 2932 1197 2968 esse
1208 2931 1226 2968 a
1235 2929 1301 2966 vera

175 3005 207 3057 sy
243 2988 326 3056 ilide.)

130 3060 178 3123 Jo.
200 3006 308 3119 Igriedr.
333 3061 534 3122 Oesterlen
555 3062 848 3124 historisch-lcritische
859 3064 1041 3140 Darstellung
1057 3065 1107 3123 des
1118 3057 1223 3123 Streits
1234 3062 1301 3120 iiber

174 3145 360 3290 qi8e36HinSheit
387 3149 457 3205 oder
482 3146 621 3208 Mehrheit
651 3150 702 3207 der
733 3152 912 3210 venerischen
944 3151 1112 3226 Contegien.
1157 3145 1301 3225 stuttgart

130 3316 192 3376 Jos.
214 3315 298 3380 Ferd.
321 3315 476 3375 Masarei
506 3318 572 3381 diss.
599 3318 659 3377 sist.
684 3325 895 3394 argumentum,
927 3320 1042 3394 morbos
1071 3337 1210 3378 cenaeos
1239 3334 1298 3376 esse

173 3402 288 3460 morbos
307 3403 446 3478 antiquos.
488 3403 589 3461 Vienn.
611 3398 704 3464 1837.
726 3399 756 3468 8.

132 3482 207 3561 Aug.
229 3488 395 3544 Zennaro
418 3489 483 3546 diss.
511 3489 604 3564 inaug.
630 3488 667 3546 de
691 3489 835 3566 syphilidis
860 3489 1027 3565 antiquitate
1048 3493 1077 3548 et
1105 3487 1206 3548 an-sit
1225 3504 1297 3547 sem·

174 3589 224 3648 per
249 3573 380 3647 contagio
402 3573 559 3637 tribuenda.
601 3571 699 3637 Patav.
723 3569 813 3634 1837.
840 3570 869 3633 8.

131 3654 188 3714 Jul.
213 3645 437 3714 Rosenbaum
463 3657 631 3715 Gesohichte
664 3659 714 3716 der
742 3657 925 3717 Lustseuche.
955 3653 983 3716 1.
1010 3656 1103 3716 Theil.
1136 3654 1192 3716 Die
1213 3651 1298 3714 Lust-

174 3739 276 3798 seuche
303 3741 341 3798 im
361 3738 544 3800 Altertbume.
570 3741 677 3815 (Etiam
692 3745 738 3801 acb
758 3744 854 3802 binio:
879 3741 934 3801 Die
954 3741 1130 3801 Lustseuche
1147 3741 1185 3798 im
1207 3738 1297 3798 Alter·

171 3825 278 3901 thume,
302 3827 348 3884 fuir
368 3825 472 3885 Aerzte
487 3847 515 3889 u.
530 3825 829 3887 Alterthumsforscber
849 3827 1033 3904 dargestellt)
1054 3824 1140 3885 Helle
1162 3818 1296 3885 183118.

175 3904 325 3974 (Copiosse'
339 3914 367 3960 et
380 3907 497 3960 eruditae
515 3907 730 3977 disquisitiones.)

131 3974 165 4035 C.
186 3976 226 4039 H.
255 3976 329 4054 Aug.
355 3980 521 4040 Moeckel
542 4000 616 4058 quae
644 3982 728 4041 suerit
748 3980 892 4060 syphilidis
916 3981 1005 4039 torma
1026 3979 1064 4039 ad
1091 3979 1179 4039 seculi
1199 3974 1296 4038 decimi

172 4062 263 4139 quinti
289 4063 384 4142 finem,
411 4067 560 4140 quaeritur.
605 4065 679 4126 Diss.
707 4067 801 4144 inaug.
826 4067 922 4126 histor.
944 4065 1017 4124 med.
1044 4062 1124 4142 Lips.
1150 4058 1246 4124 1841.
1268 4057 1294 4120 8.

174 4143 360 4210 (Collectiones
373 4146 528 4214 scriptorum
537 4146 570 4199 de
578 4147 708 4218 syphilide
720 4157 871 4201 enumerant
885 4144 1067 4217 prolegomena
1080 4146 1115 4199 ad
1127 4145 1208 4200 Hier.
1218 4145 1294 4198 Fro-

175 4214 325 4266 enstorii
342 4231 447 4267 carmen
465 4215 497 4268 de
514 4218 602 4268 morbo
617 4218 727 4287 gattico.
761 4217 835 4287 Lips.
856 4216 932 4272 1830.
948 4214 986 4281 8)

129 4283 409 4363 Meyer-Abrens
431 4287 645 4363 geschichtliche
670 4286 791 4348 Notizen
818 4289 887 4348 inber
911 4290 962 4346 das
976 4286 1127 4346 Austreten
1143 4287 1197 4345 der
1210 4283 1293 4344 Lust-

172 4371 273 4429 seuche
295 4373 322 4429 in
343 4373 395 4430 der
416 4373 543 4432 Schueiz
569 4375 627 4433 und
652 4375 698 4433 die
723 4394 817 4451 gegen
841 4376 887 4432 die
909 4373 1022 4432 weitere
1035 4368 1229 4448 Ausbreitung
1245 4370 1293 4429 der

171 4453 325 4516 Kraulrheit
335 4457 364 4516 in
375 4459 425 4517 der
435 4457 562 4518 Schweiz
576 4461 635 4517 und
646 4458 813 4519 namantlicb
826 4459 864 4518 im
876 4458 989 4518 Canton
1002 4457 1107 4517 Ziricb
1118 4455 1292 4534 getrotierren
