2874 4974
640 310 803 374 DIaetetice.

362 482 440 548 cc
491 462 803 548 Potulcnta
839 464 1077 569 aarum

607 640 638 681 o.
679 615 834 704 aquo.

131 755 265 817 Vincent.
287 754 413 813 Butius
435 750 552 832 (Buzio)
578 753 615 812 de
635 753 740 826 calido,
765 753 869 828 frigido
892 758 921 810 et
944 758 1101 831 temperato
1126 753 1304 832 antiquorum

175 848 247 920 potu
276 845 307 898 et
331 839 473 920 qupmodo
499 837 589 896 calida
614 838 642 895 in
664 838 768 896 deliciis
789 844 942 896 uterentur.
970 837 1052 896 Rom.
1072 834 1164 901 1653.
1182 837 1303 922 (1655.)

175 921 206 984 4.
223 957 267 969 -
282 924 370 982 Redit
382 927 412 980 in
432 922 533 979 Graev.
549 931 578 981 et
592 923 718 981 Gronov.
729 922 850 980 thesaur.
872 925 978 999 antiqu.
994 923 1057 982 XII.
1086 929 1159 995 (cfr.
1181 929 1304 985 Lanzoni

175 1006 203 1058 iu
223 1006 317 1062 (tiores.
333 1003 373 1057 de’
390 1003 510 1056 tettcroti
522 1002 632 1056 d'Itclio
643 1002 753 1055 XXXII.
772 1001 812 1057 12.
822 1010 849 1055 et
860 1004 960 1055 Nordii
968 1011 1036 1056 noct.
1044 1005 1147 1074 gerrici.
1157 1007 1174 1058 I
1179 1006 1208 1059 V.
1224 1007 1303 1077 284.)

130 1076 239 1139 Antou.
266 1076 395 1136 Persio
416 1075 461 1132 dei
488 1075 572 1133 bever
592 1075 674 1133 caldo
696 1082 852 1134 costumato
874 1076 951 1151 degli
972 1077 1074 1134 antichi
1091 1078 1221 1139 Romani.
1246 1081 1305 1140 Ve-

175 1182 239 1222 uez.
264 1157 355 1222 1593.
377 1156 406 1222 8.
422 1173 491 1239 (Ctr.
508 1174 550 1229 Jo.
570 1173 784 1226 Freinsheim
801 1174 833 1227 de
849 1173 953 1226 octiduo
968 1180 1036 1243 potu
1054 1175 1117 1231 diss.
1138 1175 1165 1228 in
1183 1176 1301 1236 Grouor.

176 1243 243 1298 thes.
263 1242 362 1312 antiqu.
382 1242 479 1297 Graec.
498 1241 549 1295 voi.
568 1241 630 1309 IX.)

132 1315 206 1375 Geo.
233 1316 300 1374 Chr.
337 1314 506 1373 Gebauer
538 1315 575 1372 de
605 1313 704 1372 caldae
734 1318 763 1371 ct
795 1312 867 1371 caldi
897 1315 973 1391 apud
1002 1319 1109 1373 veteres
1141 1324 1213 1395 potu
1234 1317 1304 1377 liber

175 1400 331 1475 singularis.
364 1396 443 1476 Lips.
466 1393 556 1458 1721.
579 1393 608 1462 8.
638 1394 701 1456 Com
723 1392 744 1456 3
766 1399 837 1459 tcbb.
859 1417 919 1456 aec.
947 1402 1128 1471 (Lucubratio
1148 1406 1303 1479 antiquaria

130 1536 133 1540 .
176 1480 247 1535 circa
264 1495 349 1550 aquae
367 1479 470 1534 calidae
487 1485 585 1551 potura,
603 1497 678 1546 vasa,
697 1478 871 1549 thermopoiia
890 1477 936 1547 sl.)

585 1621 613 1702 β.
666 1616 853 1690 Vinum.

130 1738 270 1799 Alexand.
284 1739 503 1798 Hendersou
517 1739 567 1799 the
587 1739 696 1817 history
713 1741 748 1798 of
758 1740 869 1797 ancient
882 1739 942 1810 aud
962 1738 1080 1796 modern
1093 1738 1186 1802 aines.
1208 1739 1302 1806 Lond.

177 1820 270 1884 1824.
291 1823 321 1886 4.
344 1857 385 1867 -—
399 1822 528 1882 German.
554 1819 779 1887 Weimar1833.
792 1819 822 1885 8.
849 1825 942 1900 (Opus
954 1827 1093 1898 copiosum
1104 1834 1133 1880 et
1143 1829 1301 1900 curiosum.)

131 1908 214 1968 Edw.
236 1909 350 1985 Barry
372 1909 563 1968 observations
586 1929 623 1967 ou
649 1910 697 1968 the
718 1909 804 1967 wiues
826 1910 860 1966 of
880 1908 928 1967 the
950 1908 1075 1967 ancients
1095 1902 1156 1966 and
1171 1909 1219 1968 the
1233 1918 1303 1970 ana'·

175 1993 244 2069 logy
264 1995 391 2052 between
412 1994 489 2051 them
510 1995 567 2051 and
590 1995 708 2051 modern
730 1994 826 2053 wines.
858 1990 952 2055 Lond.
977 1987 1067 2057 1775.
1089 1988 1118 2051 4.
1145 2007 1214 2071 (cfr,
1232 2010 1301 2066 Ans,

179 2076 356 2129 Turnebus
382 2075 413 2127 de
436 2068 555 2127 cino‘oc
577 2077 634 2142 ejus
651 2092 700 2128 coc
718 2081 744 2126 et
762 2075 847 2126 utura
867 2075 981 2138 tihellus,
1018 2073 1044 2125 ui
1061 2073 1165 2127 multum
1184 2075 1302 2137 historici
1331 2112 1342 2121 .

175 2141 306 2207 continet,
325 2141 352 2195 in
376 2144 494 2198 Gronov.
519 2142 635 2200 thesaur.
662 2142 763 2212 antiqu.
789 2142 885 2199 Graec.
911 2141 963 2198 vol.
981 2091 1022 2195 IX
1050 2151 1152 2196 etcum
1169 2143 1302 2199 Meibomh

176 2228 267 2269 comm.
286 2212 319 2264 de
337 2211 476 2278 cervisiis.)

128 2283 176 2346 Jo.
198 2284 320 2345 Godot'r.
343 2284 540 2342 Wailerius
561 2282 648 2362 (resp.
673 2280 947 2357 OlausNordeholm
963 2282 1140 2360 Westmaun)
1162 2284 1199 2344 de
1212 2286 1302 2364 prima

172 2369 300 2426 vinorum
326 2369 433 2445 origine
454 2370 564 2432 casuali,
608 2368 703 2426 Holm.
731 2362 823 2428 1760.
850 2363 879 2430 4,
905 2371 987 2438 (Vide
998 2390 1080 2441 supra
1091 2390 1156 2441 pag.
1168 2376 1241 2441 104.)

128 2453 175 2511 Jo.
199 2451 233 2512 F.
255 2451 412 2512 Neihter
433 2450 523 2530 (resp.
548 2453 592 2510 Jo.
618 2453 653 2511 E.
678 2451 842 2529 Agerberg)
867 2453 904 2511 de
924 2453 982 2511 vini
1001 2473 1054 2512 usu
1071 2454 1178 2513 feminis
1192 2454 1302 2516 Romae

172 2538 331 2597 interdicto.
363 2539 462 2618 Upsal.
489 2532 583 2602 1789.
608 2533 638 2601 4.
1255 2570 1258 2575 »

468 2714 495 2774 γ.
536 2689 819 2760 manamine
847 2689 962 2760 uua.

129 2809 177 2881 Io,
198 2808 287 2867 Henr.
309 2808 462 2868 Meihom
484 2811 521 2869 de
544 2810 664 2868 cervisiis
685 2810 855 2888 potibusque
877 2816 905 2867 et
931 2807 1127 2868 ebriaminibus
1153 2816 1232 2870 extra
1257 2811 1301 2869 vi·

174 2913 240 2952 num
262 2892 321 2952 aliis
347 2895 569 2954 commentarius.
594 2893 660 2953 Ace.
682 2893 751 2953 hdr.
777 2893 903 2953 Turnehi
925 2892 1032 2952 libellus
1061 2895 1098 2952 de
1122 2895 1198 2957 viuo.
1228 2894 1299 2955 Hel-

172 2979 291 3041 mestad.
308 2973 399 3038 1668.
412 2975 441 3038 4.
459 3013 502 3024 -·
517 2979 605 3038 Redit
616 2982 646 3037 in
661 2979 787 3039 Gronov.
802 2979 925 3037 thesaur.
942 2979 1049 3055 antiqu.
1072 2979 1171 3044 Graec.
1182 2979 1239 3040 vol.
1250 2980 1299 3040 IX.

173 3058 329 3128 (copiosus,
348 3060 436 3113 varius
454 3069 481 3114 et
498 3059 615 3114 eruditus
633 3060 748 3126 libellus,
772 3077 826 3113 non
850 3058 932 3113 solum
957 3059 990 3112 ad
1013 3065 1116 3112 veteres
1134 3062 1255 3115 Graecos
1272 3070 1300 3115 et

172 3127 303 3180 Romanos
321 3129 367 3180 sed
385 3129 463 3182 etiam
482 3130 515 3182 ad
533 3129 680 3182 recentiora
696 3137 815 3199 tempora
833 3128 952 3198 aliosque
969 3130 1078 3197 populos
1096 3132 1237 3197 spectans.)

129 3200 228 3278 Steph.
258 3196 348 3259 Andr.
372 3201 503 3261 Mizler
529 3201 636 3281 (praes.
660 3202 696 3266 G.
720 3201 753 3260 C.
775 3199 971 3280 Kirchmayer)
995 3203 1031 3258 de
1055 3208 1181 3260 veterum
1204 3202 1300 3260 Celta-

171 3304 234 3342 rum
253 3283 320 3342 cciia
342 3291 370 3343 et
391 3288 475 3362 zytho
497 3288 536 3345 ad
556 3286 748 3344 illustrandum
760 3285 837 3343 Flori
858 3285 950 3343 locum
965 3285 1037 3360 disp.
1060 3284 1151 3348 Viteb.
1167 3281 1256 3348 1695.
1268 3281 1298 3344 4.

173 3364 229 3431 (nd
243 3364 317 3418 Flori
327 3365 417 3423 histor.
431 3367 507 3426 Rom,
518 3366 552 3419 II.
567 3365 608 3421 18.
624 3367 665 3422 12.
679 3374 705 3419 et
717 3366 784 3419 Ptin.
796 3365 856 3422 hist.
870 3372 923 3420 nat.
937 3365 1025 3419 XXII.
1043 3363 1086 3427 25,
1099 3381 1120 3419 s.
1133 3365 1175 3418 82
1190 3366 1213 3432 1.
1227 3365 1298 3432 164.)

129 3430 221 3510 Οἶνος
240 3440 392 3518 κρίθινος,
419 3457 436 3496 a
457 3440 635 3497 dissertation
657 3438 827 3512 concerniug
847 3438 896 3495 the
920 3437 1010 3512 ortgin
1031 3436 1087 3494 aud
1110 3438 1247 3514 antiquity
1269 3439 1304 3496 ot

173 3514 373 3600 hariey-vciue.
411 3523 523 3581 Oxford
546 3518 637 3587 1750.
662 3519 693 3582 4.
722 3535 774 3600 (De
791 3533 919 3588 cerevisia
936 3534 1039 3600 agitur3
1058 3532 1107 3586 ctr.
1121 3550 1226 3604 quoque
1243 3533 1299 3588 Hi-

172 3604 303 3656 storiscice
319 3604 454 3658 Athcadt.
472 3623 499 3659 o.
516 3604 594 3658 Biere
614 3603 642 3657 in
659 3604 780 3658 Hanuov.
799 3604 905 3671 Magna.
929 3601 1005 3669 1779,
1023 3602 1053 3658 S.
1073 3601 1145 3667 178)

130 3675 163 3737 S.
186 3674 396 3735 Morewood
426 3695 443 3734 a
465 3677 668 3755 philosophica!
696 3678 752 3735 and
778 3676 922 3735 statistical
947 3675 1054 3752 history
1069 3676 1111 3745 of
1126 3676 1185 3745 the¹
1200 3675 1298 3735 iuven-

171 3759 247 3818 tions
268 3762 325 3819 and
346 3767 469 3818 costums
491 3763 525 3818 of
545 3763 656 3820 ancient
679 3764 736 3820 and
765 3763 882 3820 modern
904 3761 1016 3819 nations
1035 3761 1065 3817 in
1094 3759 1142 3820 the
1168 3762 1299 3821 manufa-

134 3862 137 3867 ·
171 3849 251 3904 ctare
271 3846 328 3904 aud
350 3863 399 3906 use
421 3847 455 3904 ot'
476 3845 643 3922 inebriating
663 3847 778 3923 iiquors.
804 3846 909 3906 Dublin
935 3840 1027 3904 1838.
1048 3838 1078 3903 8.

494 4016 520 4078 ι.
562 4012 716 4083 Pctus
740 4011 940 4104 coffeuc.

129 4127 194 4191 Aur.
217 4131 375 4192 Gallaud
405 4133 441 4192 de
468 4133 594 4210 l’origine
626 4139 654 4192 et
679 4136 718 4193 du
742 4137 861 4214 progres
889 4135 928 4194 du
949 4135 1037 4211 cade,
1063 4132 1169 4193 traduit
1189 4150 1237 4189 sur
1258 4150 1298 4191 un

170 4218 323 4276 manuscrit
347 4214 447 4276 Arabe
481 4219 559 4277 Cain
590 4212 751 4278 169912.
780 4253 822 4264 -
851 4216 915 4277 Cum
943 4218 993 4277 La
1012 4219 1141 4293 Roqu'c
1165 4215 1297 4274 memoire

136 4350 140 4357 .
169 4307 342 4371 concernunt
363 4300 464 4362 I’arbre
488 4315 517 4362 et
541 4304 568 4362 ie
588 4304 655 4361 fruit
680 4304 719 4363 du
741 4304 821 4365 caffd.
865 4304 943 4363 Paris
964 4297 1055 4362 1716.
1078 4296 1127 4360 12.
1146 4313 1297 4381 (cariosum

171 4398 238 4453 opus
257 4383 377 4467 lectuque
394 4383 512 4467 dignunu
540 4385 640 4438 Arabes
662 4384 734 4468 iysos
758 4402 809 4438 non
829 4393 889 4468 anta
914 4401 984 4438 saec.
1006 4383 1066 4467 XV.
1084 4381 1135 4436 hoc
1151 4391 1216 4466 potu
1235 4399 1296 4467 usos

170 4466 229 4515 essa
246 4459 274 4506 et
290 4468 399 4522 curuum
416 4471 443 4507 ιιι
461 4453 569 4510 ciritats
586 4454 662 4509 Adon
678 4470 705 4507 ιιι
720 4454 871 4526 provinces
888 4455 989 4509 Yemeu
1004 4452 1095 4507 httore
1116 4452 1298 4522 mandronah.)
