2874 4974
512 297 634 360 Scholae
654 304 684 360 et
705 298 818 382 oppida.
1208 305 1249 371 81

511 449 577 508 11.
617 452 818 509 Μετίου.

74 537 179 601 Franc
201 537 379 600 Bernardi
403 543 549 618 prospetto
572 539 667 598 critico
689 540 754 598 dell'
782 537 900 617 origine,
921 538 1040 619 facolta,
1061 543 1163 604 diversi
1184 553 1249 611 stati

119 626 271 686 evicende
290 625 336 685 del
354 625 481 702 collegio
495 625 774 701 medico-chirurgico
789 625 819 683 di
830 624 963 688 Venezia.
989 626 1093 688 Venez.
1116 626 1208 700 1797.
1218 637 1249 702 4.

77 709 237 771 Domenico
257 710 454 770 Benedetti
475 709 622 769 illustrium
649 711 771 768 virorum
793 711 933 788 synopsis,
959 712 1007 786 qui
1032 713 1068 771 de
1089 732 1169 776 sacro
1191 740 1250 780 me·

122 797 251 855 dicornm
293 794 471 876 physicorum
511 794 618 854 Veneto
653 793 781 872 collegio
813 795 966 855 extiterunt
999 800 1030 856 et
1059 799 1088 859 iu
1116 820 1251 880 praesens

119 882 254 945 ustum
304 879 406 944 Venet.
429 873 521 941 1753.
545 874 577 938 4.

516 1012 581 1068 12.
620 1011 817 1084 Pompejt

77 1097 156 1163 Lud.
181 1098 371 1160 Choulant
395 1118 491 1180 progr.
523 1102 560 1160 de
588 1101 656 1160 locis
685 1099 865 1180 Pompejanis
900 1099 939 1158 ad
969 1119 1027 1160 rem
1048 1105 1184 1168 medicam
1209 1111 1266 1170 fa.-

122 1185 267 1250 cientibus.
310 1185 383 1243 Cum
403 1185 500 1244 tabula
520 1186 732 1264 lithographica.
780 1179 1045 1263 .Lips.1823.4
1078 1194 1157 1263 (Cum
1184 1199 1251 1253 deli.

122 1265 245 1320 ueatione
269 1266 460 1338 topographica
476 1266 659 1338 Pompejorum
686 1273 712 1320 et
735 1264 893 1320 iudicatione
910 1265 1035 1334 locorum,
1052 1268 1079 1323 in
1096 1275 1191 1341 quibus
1207 1294 1251 1334 res

122 1335 241 1389 medicae
258 1336 380 1389 detectae
396 1337 483 1406 sunt)

79 1406 161 1468 Albr.
183 1428 209 1467 v.
237 1409 457 1484 Schbnberg
483 1408 554 1466 iiber
587 1408 667 1467 einen
692 1425 784 1468 neuen
812 1407 1078 1469 naturhistorischen
1109 1412 1194 1475 Fund
1221 1420 1250 1479 in

122 1493 261 1573 Pompeii.
303 1487 571 1570 Nimberg1827.
1218 1546 1223 1552 .

78 1609 124 1623 ·-
148 1611 192 1624 -
214 1579 309 1638 Ueber
330 1578 422 1654 einige
444 1579 473 1637 in
495 1575 622 1656 Pompeji
647 1575 808 1652 geinndene
834 1574 974 1634 Knoehen
998 1579 1058 1635 und
1088 1580 1148 1643 ihre
1173 1582 1251 1646 Ana.

121 1662 191 1742 lysa.
234 1663 376 1740 Erlangen
397 1657 492 1724 1828.
513 1657 545 1725 4.
573 1666 688 1735 (Auctor
708 1664 829 1735 Neapoli
858 1665 960 1718 (liutius
983 1666 1077 1737 vixit.)

393 1794 459 1852 10.
493 1797 662 1854 mietio
677 1794 942 1851 ruariorum.

81 1900 171 1960 Gabr.
191 1897 389 1961 Nandaeus
420 1900 553 1982 (Nande)
586 1901 623 1959 de
649 1900 816 1975 antiquitate
840 1875 870 1959 et
900 1899 1038 1975 dignitate
1056 1902 1169 1966 scholae
1192 1928 1252 1970 me-

124 1987 207 2046 dicae
226 1986 397 2049 Parisiensis.
451 1987 538 2045 Paris.
573 1981 664 2044 1628.
692 1980 723 2044 8.
755 1988 866 2056 (Oratio
892 1987 1059 2057 inauguralis
1089 1997 1252 2054 cruditionis

124 2067 203 2138 plena
226 2067 261 2120 ad
285 2067 420 2122 historiam
445 2068 550 2122 scholae
576 2066 691 2119 medicae
716 2064 871 2118 Parisiensis
889 2066 1004 2186 apprime
1021 2068 1106 2136 utilis3
1123 2076 1252 2131 secedunt

126 2136 269 2202 orationes,
289 2137 376 2206 elogia
393 2144 420 2191 et
439 2136 595 2207 epitaphium
614 2134 752 2206 opizonis,
771 2133 903 2188 Archiatri
948 2136 1053 2190 udovici
1071 2139 1129 2208 Vl.)

85 2208 197 2270 Robert
218 2209 320 2268 Patin
346 2212 383 2269 de
410 2211 576 2286 antiquitate
598 2213 626 2267 et
654 2208 792 2284 dignitate
821 2206 933 2265 scholae
964 2210 1089 2270 medicae
1116 2213 1253 2278 Parisien-

125 2295 164 2352 sis
187 2299 217 2353 et
248 2294 444 2353 illustrioribus
468 2296 517 2371 qui
545 2295 575 2351 in
606 2311 640 2350 ea
668 2291 791 2350 claruere
816 2292 936 2349 medicis.
991 2293 1077 2358 Paris.
1107 2292 1198 2360 1663.
1221 2299 1251 2368 8.

127 2373 234 2443 (Oratio
253 2374 374 2442 solennis,
389 2377 443 2445 jam
461 2393 529 2428 anno
548 2372 617 2427 1648
633 2373 732 2437 habita,
751 2373 876 2442 quaedam
894 2371 1029 2426 continens
1046 2376 1080 2429 dc
1097 2379 1252 2450 antiquiori·

126 2445 175 2498 bus
197 2445 391 2515 professoribus
415 2443 620 2507 Parisiensibus3
644 2449 738 2494 auctor
761 2447 802 2493 est
818 2440 886 2493 lilius
904 2440 1034 2495 Guidonis
1051 2445 1154 2500 Patimi.
1192 2451 1252 2505 Ex.

125 2511 204 2584 plicit
219 2528 280 2582 pag.
298 2513 359 2581 31,
376 2520 521 2582 sequuntur
538 2510 672 2565 orationes
694 2510 794 2579 aliquot
810 2508 1003 2577 inaugurales.)

81 2585 127 2644 Jo.
149 2585 237 2664 Bapt.
258 2585 362 2662 Doge
382 2582 494 2671 (Doye)
523 2586 592 2643 ritus
620 2591 649 2643 et
680 2583 833 2660 insigniora
863 2583 1032 2644 medicorum
1057 2585 1252 2653 Parisiensium

125 2669 232 2728 ordinis
254 2671 375 2730 decreta.
417 2671 505 2734 Paris.
527 2664 620 2732 1716.
646 2664 695 2727 12.
769 2711 772 2717 -

80 2753 243 2833 Hyacinthe
263 2755 377 2820 Theod.
401 2756 521 2814 Baton
543 2755 623 2828 ritus,
648 2771 715 2812 usus
739 2757 769 2811 et
799 2751 951 2811 laudabiles
984 2751 1137 2816 Facultatis
1164 2760 1254 2819 medi-

125 2858 178 2898 cae
200 2839 362 2899 Parisiensis
383 2840 610 2901 consuetudines.
665 2838 742 2896 Paris
766 2833 858 2899 1751.
885 2832 935 2900 12.
958 2836 1015 2897 Ed.
1041 2841 1145 2901 altero.-
1166 2844 1253 2905 Paris.

125 2918 221 2986 1753.
247 2919 298 2988 12.
324 2921 453 3002 (statuta
474 2924 540 3005 etc.)
567 2957 610 2969 -
631 2923 758 3000 Ejusd.
779 2922 986 3002 compendiaria
1006 2927 1178 2987 medicomm
1199 2930 1255 2990 Pa-

123 3008 282 3068 risieusium
310 3010 427 3086 notitia,
459 3010 517 3068 sive
542 3008 678 3068 clarorum
703 3009 841 3079 virorum,
865 3005 913 3081 qui
941 3027 959 3066 a
982 3011 1094 3069 saeculo
1116 3014 1193 3076 XIV.
1215 3017 1255 3076 ad

123 3093 202 3154 hunc
224 3113 314 3172 usque
335 3095 410 3155 diem
435 3096 464 3153 in
486 3094 632 3153 Facultatc
659 3094 812 3152 medicinae
837 3091 984 3151 Parisiensi
1007 3094 1053 3153 vel
1087 3097 1254 3160 decanatum

123 3185 285 3255 gesserim,
306 3180 351 3238 vel
372 3178 611 3254 baccalaureus,
636 3177 792 3236 licentiatus
819 3182 869 3234 aut
894 3176 1057 3237 doctoratus
1068 3184 1187 3256 madum
1202 3185 1256 3244 ob-

123 3265 279 3338 tinuerunt,
301 3263 498 3340 chronologica
523 3264 617 3326 series.
681 3262 766 3322 Paris.
803 3255 895 3323 1752.
921 3253 951 3319 4.
973 3261 1059 3322 Paris.
1088 3260 1254 3334 1753.12.

126 3343 239 3433 (Vitae)
265 3380 311 3394 -
341 3349 466 3425 Ejusd.
499 3349 693 3426 quaestionum
729 3346 898 3405 medicatum
934 3346 1018 3405 series
1044 3347 1253 3426 chronologica.

123 3433 214 3492 Paris.
236 3427 330 3496 1752.
358 3429 388 3496 4.
419 3434 507 3496 Paris.
532 3428 622 3495 1753.
645 3427 694 3490 12.
720 3436 863 3502 (Thasium
888 3433 1084 3502 inauguralium
1119 3440 1153 3492 ab
1183 3458 1253 3498 anno

126 3512 196 3568 1574
214 3530 296 3584 usque
314 3514 349 3568 ad
367 3532 459 3568 annum
478 3513 546 3569 1752
564 3530 650 3568 coram
667 3511 805 3564 Facultate
820 3511 984 3564 detonsarum
1003 3513 1161 3583 catalogus.)

79 3587 164 3662 Jacq.
190 3583 255 3645 Alb.
280 3587 410 3645 Hauon
437 3588 521 3665 eloge
541 3586 696 3660 historique
722 3584 807 3643 dela
835 3583 954 3642 Faculte
983 3586 1020 3644 de
1047 3588 1193 3650 medecine
1217 3593 1255 3653 de

124 3671 213 3730 Paria
256 3669 335 3730 Paris
356 3667 448 3736 1770.
469 3666 499 3731 4.
507 3689 516 3742 3
541 3672 578 3730 ib.
605 3665 697 3732 1773.
718 3663 748 3732 4.
770 3699 814 3712 -
835 3668 958 3743 Ejusd.
983 3671 1077 3730 notice
1102 3673 1152 3732 des
1172 3674 1255 3735 horn-

124 3774 186 3816 mes
209 3754 250 3814 les
270 3755 333 3835 plus
358 3757 482 3816 celebres
507 3757 544 3816 de
572 3756 600 3814 la
624 3754 743 3815 Facultd
774 3756 810 3813 de
837 3754 982 3813 medeciuc
1006 3775 1041 3817 en
1073 3756 1254 3823 1’Universitt

124 3841 164 3899 de
184 3839 274 3913 Paris,
299 3842 398 3920 depuis
423 3836 509 3901 1110
529 3839 625 3917 jusqu'
647 3859 682 3920 en
708 3832 792 3898 1750
811 3838 1031 3901 inclusivement.
1065 3841 1144 3901 Paris
1161 3838 1254 3907 1778.

126 3919 252 4005 (1780.)
290 3920 320 3984 4.
392 3929 445 4000 (Ab
470 3930 512 3983 his
539 3929 668 4000 operibus
693 3927 772 3980 laude
798 3945 847 3981 sua
874 3927 978 3981 omuino
1000 3929 1090 3998 dignis
1111 3933 1191 4002 plane
1212 3936 1255 3988 di.

124 4022 230 4060 versum
247 4011 289 4061 est
307 4007 391 4076 ejusd.
410 4006 525 4060 auctoris
543 4023 623 4075 opus:
654 4006 743 4076 Elogc
768 4005 916 4073 isidorique
934 4005 966 4058 dc
987 4005 1090 4062 t'llrriu.
1114 4010 1148 4063 de
1166 4009 1254 4069 Puris.

125 4075 173 4126 En
189 4075 274 4129 Latin
295 4081 323 4128 ct
344 4093 377 4128 cn
403 4076 501 4145 Frunq.
529 4075 607 4128 Puris
630 4072 705 4130 1770.
732 4080 760 4126 et
780 4072 888 4140 gallice=
915 4074 994 4128 Paris
1011 4074 1106 4142 1773..
1132 4081 1203 4148 quod
1219 4081 1253 4134 ob

122 4143 277 4197 Janscnismi
294 4144 464 4213 suspicionem
482 4151 540 4198 orat
556 4143 625 4196 inter
642 4142 723 4195 libros
734 4141 906 4212 prohibitos.)

79 4214 219 4275 hiemoire
244 4212 423 4300 (historique)
453 4219 489 4276 de
519 4216 546 4275 la
570 4214 688 4274 Facultd
717 4215 755 4273 de
789 4214 934 4273 mddecine
960 4235 995 4274 en
1022 4217 1192 4278 l’universite
1217 4219 1254 4279 de

123 4301 212 4360 Paris.
266 4301 344 4359 Paris
373 4297 463 4366 1792.
488 4299 518 4361 4.
560 4311 627 4381 (Cir.
645 4311 777 4365 Buchen
798 4313 830 4365 dc
845 4315 873 4366 lu
888 4312 999 4370 Facultt
1016 4315 1126 4370 demeti.
1146 4315 1178 4368 dc
1198 4316 1252 4370 Pu-

123 4383 201 4436 sisd
234 4383 276 4436 uis
293 4383 318 4435 lc
336 4382 400 4440 ΧΠ.
418 4385 494 4438 siecle
505 4381 597 4451 jusqu’
616 4383 634 4432 ὰ
656 4383 684 4433 lu
701 4383 746 4448 fin
766 4383 803 4435 du
825 4381 928 4436 XVIII.
953 4383 981 4436 in
1000 4383 1092 4437 Journ.
1123 4383 1170 4439 des
1188 4403 1254 4458 pro·

122 4451 185 4522 gris
221 4450 372 4508 osciouccs
388 4452 456 4508 med.
477 4449 554 4508 1827.
571 4449 592 4502 l.
611 4468 640 4520 p.
659 4449 732 4519 222.)

980 4533 1003 4598 θ
