2874 4974
581 315 720 377 Medicina
740 315 868 395 mythice.
1264 317 1306 383 33

130 471 240 533 Euseb.
261 470 437 531 Salverte
453 470 503 528 des
525 470 649 548 dragous
672 476 701 529 et
723 472 773 530 des
795 475 1102 550 serpensmonstrueux
1118 474 1166 550 qui
1181 473 1303 552 ligarent

177 560 251 618 dans
262 576 300 615 nn
311 557 403 632 grand
413 556 530 614 nombre
542 557 578 615 dc
589 558 671 614 recits
682 556 813 615 fabuleux
825 577 860 616 ou
873 556 1048 632 historiques.
1078 557 1157 618 Paris
1168 555 1260 623 1826.
1272 557 1303 622 8.

131 641 251 721 Adolph
272 641 350 700 Frid.
373 639 476 699 Funlr
498 642 535 699 de
555 639 770 699 Nechuschtane
792 648 821 700 et
841 639 998 720 Aesculapii
1016 648 1146 722 serpente
1161 646 1227 706 diss.
1247 646 1304 706 Be-

176 729 230 787 rol.
253 722 346 786 1826.
373 722 403 784 8.
458 729 520 798 (Ad
541 731 644 799 anag.
666 733 708 799 rs,
729 733 761 795 43
789 734 807 786 4
826 732 898 784 Mos.
918 733 962 798 nr,
983 732 1009 786 a
1035 740 1063 783 ee
1084 733 1118 786 aa
1139 735 1305 805 operaratus

179 807 455 892 Aegypt.‚·Phoenic
478 813 505 859 et
522 807 652 890 (irrecor.
669 816 802 873 veterum3
834 809 883 863 clr.
902 807 934 862 0.
958 804 1173 878 huettagoe
1191 813 1218 868 d.
1236 815 1304 867 Aes·

176 879 389 960 calcprqedteaet
407 881 461 944 nus
477 878 504 959 d²
516 878 669 941 Tiberiascl,
688 878 872 930 mediciniscbc
881 878 1302 999 801010080οῗ001001011080100-

178 949 224 1069 pel
242 947 324 1002 Bertr.
342 960 390 997 nur
408 944 565 999 Geschrchte
583 945 609 999 d.
632 945 670 1001 M.
692 947 728 1001 11.
751 945 801 1000 163
818 947 856 1014 lg.
874 954 901 1000 ct
918 964 947 999 sn
966 947 998 1002 B.
1021 947 1107 1001 10100
1125 947 1259 1004 Schriften
1276 970 1301 1006 v.

197 1018 234 1072 ul.
253 1015 338 1083 Sillig,
356 1013 380 1066 1.
400 1014 451 1067 112
468 1015 523 1082 fg.)

130 1089 327 1149 Penhouet
354 1088 391 1145 de
415 1086 601 1165 l’ophiolatrie
626 1106 664 1146 ou
691 1086 764 1146 culte
790 1088 829 1146 du
850 1093 972 1166 serpent.
1016 1086 1117 1166 Nancy
1143 1087 1266 1164 (Nautes
1275 1087 1303 1171 l)

178 1168 273 1237 1832,
291 1168 321 1235 8.
345 1205 388 1216 -
415 1169 495 1230 Prior
512 1175 543 1229 c'o
563 1170 687 1231 Annales
709 1174 745 1230 de
765 1173 794 1230 la
813 1174 920 1232 socie'te
945 1173 1127 1250 academique
1142 1177 1178 1233 de
1194 1173 1303 1254 Nancy.

178 1256 254 1322 (Cir.
279 1253 304 1310 J.
328 1252 425 1306 Gistl
442 1255 507 1307 siber
524 1254 677 1324 Schlenger
695 1254 740 1305 des
756 1253 924 1306 Altertbums
939 1253 966 1306 in
985 1254 1082 1307 Berlin.
1106 1255 1198 1310 medic.
1217 1256 1304 1327 Zeitg.

179 1323 259 1379 1832.
282 1322 319 1378 N.
335 1321 378 1375 34.
405 1323 434 1377 S.
451 1321 503 1376 519
530 1328 556 1374 et
580 1322 627 1374 Vr.
647 1321 784 1374 Miruter
805 1324 945 1375 sitarciae
969 1324 1047 1376 Votis
1070 1341 1149 1377 emme
1165 1325 1213 1377 mit
1231 1328 1305 1380 einer

178 1391 443 1463 Aescnlupscblaagc
460 1392 487 1445 in
505 1391 587 1458 lligen
606 1390 735 1444 zeitschr.
754 1391 773 1443 t.
790 1389 882 1444 histor.
902 1391 995 1444 Theol.
1015 1392 1029 1444 l
1065 1393 1091 1449 2.
1109 1393 1131 1448 1.
1150 1394 1175 1446 2.
1201 1395 1230 1448 S.
1248 1394 1304 1464 41.)

133 1465 249 1525 Comei.
269 1464 387 1539 Vogel
419 1463 515 1543 (resp.
540 1464 609 1522 Paul
631 1464 715 1522 Conr.
739 1464 901 1544 Schriider)
933 1465 1107 1523 schediasma
1129 1467 1165 1526 de
1188 1469 1305 1547 gryphi-

178 1552 242 1608 bus.
284 1549 363 1628 Lips.
390 1543 480 1609 1670.
502 1546 531 1607 4.
686 1591 691 1598 -

132 1636 160 1693 J.
187 1635 298 1694 Stohr
318 1633 408 1712 (resp.
430 1631 466 1692 Δ.
489 1631 689 1712 Rechenberg)
712 1632 833 1691 sirenum
854 1631 977 1694 fabulae.
1021 1631 1099 1712 Lips.
1126 1629 1219 1698 1663.

132 1753 179 1764 -
200 1752 242 1762 -
269 1717 355 1798 (resp.
376 1719 403 1777 J.
425 1717 584 1796 Schaeffer)
610 1719 732 1777 sirenum
757 1737 824 1776 vera
848 1717 974 1780 historia.
1017 1717 1095 1797 Lips.
1124 1715 1216 1781 1666.

133 1805 160 1863 J.
168 1804 318 1880 Bilberg
329 1805 416 1884 (resp.
422 1805 489 1863 Jon.
497 1803 727 1884 Columhagrius)
739 1803 858 1862 sirenum
866 1810 1058 1886 pviitccoptoe.
1070 1804 1169 1883 Upsal.
1178 1799 1270 1869 1687.
1276 1802 1306 1866 8.

386 1955 468 2052 B.
522 1951 727 2050 Aetas
758 1951 1057 2074 antequa.

489 2120 537 2189 a.
592 2103 938 2192 Generatim.

134 2246 226 2309 Andr.
249 2247 311 2324 lgm
335 2246 519 2306 Wawruch
541 2246 631 2303 oratio
657 2247 694 2303 de
724 2247 877 2323 priscorum
906 2247 1044 2306 Graeciae
1065 2267 1099 2306 ac
1122 2245 1196 2306 Latii
1216 2251 1307 2308 medi·

177 2353 275 2392 corum
300 2332 394 2390 studio
416 2331 611 2390 restaurando.
654 2328 778 2388 Vindob.
802 2326 895 2390 1808.
917 2328 946 2390 4.

135 2419 257 2477 Hieron.
286 2417 516 2476 Mercurialis
545 2416 683 2473 variarum
712 2414 861 2473 lectionum
888 2415 916 2473 in
943 2415 1098 2474 medicinae
1125 2416 1307 2494 scriptoribus

179 2508 210 2560 et
234 2501 293 2560 aliis
313 2502 373 2560 libri
395 2521 452 2560 sex.
502 2499 592 2561 Paris.
616 2494 707 2557 1585.
734 2496 763 2558 8.
799 2499 897 2559 Venet.
921 2495 1013 2562 1588.
1034 2501 1076 2571 4.,
1097 2501 1134 2565 ib.
1159 2497 1250 2561 1598.
1265 2498 1313 2576 4.,’

178 2587 217 2645 11).
245 2582 338 2648 1601.
361 2579 392 2644 4.
434 2583 534 2642 Editio
554 2587 646 2662 primo
672 2584 770 2646 Venet.
794 2578 886 2646 1570.
910 2579 1030 2663 (1571.)
1057 2581 1086 2644 4.
1111 2593 1307 2665 0001001100-

180 2679 236 2730 tum
257 2672 339 2730 libros
359 2671 448 2730 babet.
490 2668 572 2728 Edit.
587 2669 701 2727 secunda
721 2669 806 2728 Basil.
830 2664 921 2729 1576.
946 2666 975 2728 8.
1002 2673 1114 2749 pariaque
1127 2674 1250 2731 continet.
1265 2703 1309 2716 -

178 2756 278 2820 Recus.
300 2760 331 2815 in
352 2755 390 2813 Η.
413 2755 533 2817 Mercur.
557 2754 690 2833 opuscula
712 2773 798 2812 aurea
813 2760 842 2813 et
864 2755 1019 2814 selectiora.
1042 2755 1144 2814 Venet.
1168 2752 1261 2815 1644.
1284 2756 1306 2816 1.

135 2841 206 2901 chr.
226 2841 305 2900 Frid.
326 2840 344 2898 J
350 2842 466 2917 ringer
487 2859 585 2918 progr.
609 2839 748 2914 quaedam
770 2839 806 2896 ad
829 2839 972 2898 historiam
997 2841 1151 2899 medicinae
1179 2860 1214 2899 ex
1235 2842 1310 2900 anti-

177 2927 243 3002 quis
264 2926 389 2985 collecta.
433 2925 578 2999 Freiberg.
603 2918 693 2987 1794.
719 2918 748 2982 4.
773 2923 824 3002 (ad
847 2923 992 3002 Paliiphat.
1015 2944 1038 2982 c
1054 2920 1115 2996 21,
1137 2925 1221 2984 Ovid.
1244 2928 1308 2990 fast.

178 3012 215 3071 V.
240 3005 314 3082 749,
335 3011 393 3068 Cic.
418 3010 502 3068 divin.
528 3009 563 3066 11.
590 3005 639 3068 66.
646 3030 658 3079 ‚·
689 3010 725 3066 de
750 3006 916 3086 Aesculapio
937 3008 1086 3068 Dictamno
1108 3010 1162 3084 al.;
1194 3018 1310 3071 auctore

179 3116 240 3155 nou
265 3092 399 3173 medico.)
425 3127 465 3140 -
489 3093 589 3168 Progr.
611 3093 680 3150 Pars
702 3093 789 3151 altera
811 3093 990 3152 collectorum
1011 3114 1045 3152 ex
1067 3095 1189 3171 antiquis
1211 3097 1249 3154 ad
1267 3097 1310 3154 hi-

180 3182 296 3239 storiam
321 3179 482 3241 medicinae.
525 3177 668 3252 Freiberg.
696 3172 788 3236 1794.
814 3175 843 3235 4.
888 3183 947 3251 (De
962 3183 1152 3254 Melampode,
1176 3185 1308 3254 Chirone,

182 3261 325 3326 Podalirio,
344 3260 500 3325 Machaone,
518 3257 645 3328 Jupyge.)

137 3335 248 3410 Georg.
274 3334 419 3391 Franclr
447 3334 490 3391 de
521 3329 764 3393 Franckenau
796 3330 833 3388 de
863 3332 977 3389 medicis
1002 3330 1153 3410 philologis
1179 3331 1308 3410 epistola.

178 3420 274 3478 Viteb.
298 3413 390 3476 1691.
412 3412 444 3479 4.

136 3503 213 3563 Dan.
237 3503 311 3561 Guil.
336 3502 474 3560 Miiller
498 3497 661 3581 (Mollerus)
688 3498 824 3564 indiculus
852 3493 1023 3558 medicorum
1044 3499 1252 3579 philologorum
1275 3521 1310 3561 ex

180 3588 332 3646 Germania
356 3587 546 3646 oriundorum.
588 3584 690 3644 Altorl.
715 3580 857 3643 1691..4.

137 3673 243 3731 Christ.
268 3671 349 3731 Frid.
372 3672 526 3732 Wilisch
559 3671 595 3730 de
622 3671 736 3729 medicis
761 3668 1000 3749 praestantissima
1022 3668 1163 3728 literarum
1192 3670 1308 3747 elegan-

179 3759 285 3816 tiornm
307 3757 390 3815 laude
410 3756 572 3814 illustribus.
601 3753 763 3831 Annaberg.
776 3748 901 3817 17091.
925 3757 1064 3826 (Auctoris
1079 3758 1203 3829 theologi
1217 3762 1308 3830 opus.)

134 3842 182 3901 Jo.
214 3843 240 3901 C
248 3841 383 3901 asellus
418 3840 537 3918 epistola
561 3841 599 3896 ad
631 3841 811 3915 Henningum
843 3837 1007 3897 Amisaeum
1040 3840 1077 3896 de
1108 3840 1217 3898 medica
1248 3847 1310 3900 arte

178 3927 389 4006 praestantibus
418 3927 518 3984 studiis
544 3925 626 3983 etiam
659 3925 811 4002 sapientiae
833 3924 913 3981 claris
935 3929 964 3981 et
989 3923 1048 3981 aliis
1069 3923 1173 3999 ingenii
1195 3925 1309 3984 dotibus

178 4012 317 4091 praeditis
333 4011 435 4070 saeculi
449 4011 526 4070 XVI.
548 4009 622 4068 viris.
666 4009 840 4067 Helmestad.
868 4004 958 4072 1610.
984 4002 1013 4066 4.
1035 4041 1077 4052 -
1097 4008 1194 4073 Reuss.
1217 4013 1247 4068 in
1262 4010 1308 4069 Jo.

177 4097 345 4156 Burckhard
368 4096 492 4155 medicus
517 4094 695 4172 gravissimus
717 4093 898 4152 humanitatis
913 4093 1070 4151 studiorum
1092 4093 1203 4153 vindex.
1226 4094 1309 4154 Wol-

178 4182 321 4241 senbtittel
343 4175 434 4241 1716.
462 4176 491 4240 8.
519 4201 549 4260 p.
573 4174 750 4238 103-150.
796 4183 871 4250 (sac.
886 4182 996 4248 ustrou,
1019 4183 1102 4250 casp.
1119 4183 1240 4249 Peuces,
1263 4184 1307 4235 10.

178 4263 323 4328 Hermann,
340 4261 433 4318 Jouch.
444 4262 587 4328 Cameren,
605 4260 702 4316 Melch.
713 4258 872 4324 Guilandin,
891 4259 948 4313 Pet.
968 4258 1047 4313 Andr.
1058 4259 1198 4322 Malthini,
1217 4259 1308 4326 Grato,

178 4332 262 4386 Henr.
280 4333 432 4396 Brucaeus‚
457 4330 530 4389 Petr.
545 4329 696 4394 Memmius,
719 4327 760 4382 Jo.
779 4327 921 4399 Bolrelius,
956 4326 1050 4381 medici
1071 4327 1115 4397 qui
1134 4326 1239 4381 Cuselio
1257 4328 1309 4381 iter

176 4401 287 4456 facienti
305 4400 492 4467 innotuerant.)

137 4471 195 4536 Jac.
220 4473 437 4535 Burclrhard
459 4474 583 4534 medicus
612 4470 790 4550 marusimus
819 4467 998 4530 humanitatis
1027 4466 1184 4527 studiorum
1205 4467 1308 4527 vindex

1035 4561 1056 4626 3
