2874 4974
520 258 685 322 Aristoteles
707 296 749 307 -
774 260 913 324 Aelianus.
1261 265 1303 330 69

132 414 219 492 Casp.
242 412 423 473 Hotmann
449 416 485 473 (10
500 433 551 472 000
573 415 677 475 cerebri
694 418 845 476 secundum
862 413 1047 476 Aristotelem.
1070 417 1146 499 Lips.
1164 418 1254 481 1619.
1271 418 1301 482 8.

130 500 213 558 Frid.
235 498 310 557 Lud.
331 499 485 577 Kreysig
505 497 663 560 Aristotelis
684 503 720 560 de
741 503 802 561 soni
827 508 856 561 et
876 503 952 560 vocis
977 503 1115 564 humanae
1136 511 1236 565 natura
1258 513 1302 565 at-

176 602 234 660 que
255 588 319 643 ortu
342 584 451 642 theoria
472 605 534 642 cum
559 587 741 645 recentiorum
764 587 881 647 decretis
906 595 1074 666 comparata.
1117 589 1196 668 Lips.
1210 586 1300 651 1793.

176 666 206 728 8.
228 703 272 714 -
298 668 340 727 Ab
366 675 472 728 auctore
498 689 603 747 recogn.
633 677 658 728 et
684 691 765 748 germ.
791 692 858 736 vers.
886 675 916 730 irc
937 674 1075 751 Sprengel
1093 675 1226 753 Beitr'age
1251 697 1301 735 zur

177 753 346 813 Geschichte
365 755 393 812 (1.
413 754 514 812 Medic.
536 750 566 813 2.
585 756 683 828 Stiick,
706 758 738 816 S.
758 752 820 815 202
845 759 885 833 fg.
907 777 962 815 cum
984 765 1088 818 annoti.
1109 759 1275 838 Sprerrgels'r'.

130 839 194 898 Jac.
218 839 415 982 Greltgpper
437 839 581 920 (Gretser)
603 842 639 899 de
659 841 762 921 plantis
784 863 818 902 ex
838 841 922 900 Arist.
943 837 1079 921 potissim.
1101 846 1225 905 collecta.
1253 847 1300 905 Iu-

175 924 260 1000 golst.
372 925 431 985 ,4.

129 1005 208 1085 Aug.
238 1009 312 1067 Guil.
335 1008 402 1067 Ern.
424 1009 479 1069 Th.
505 1008 688 1069 Henschel
710 1010 746 1068 de
773 1006 925 1069 Aristotele
957 1011 1298 1092 botanico-pbilosopbo.

173 1094 321 1153 Vratislav.
344 1089 436 1154 1824.
463 1089 493 1152 4.

129 1179 167 1237 F.
189 1179 356 1238 Wimmcr
381 1179 563 1257 phytologiae
582 1176 776 1238 Aristotelicas
797 1181 962 1255 fragmenta.
996 1180 1143 1245 Vratislar‚
1161 1175 1254 1241 1838.
1270 1176 1299 1240 8.

131 1264 201 1323 Em.
227 1263 312 1323 Fred.
333 1264 494 1341 Bojesen
517 1265 553 1323 dc
574 1265 753 1343 problematis
774 1261 940 1323 Aristotelis.
984 1265 1070 1324 Hafn.
1094 1261 1185 1326 1836.
1207 1261 1236 1325 8.

466 1413 523 1471 LI..
576 1415 970 1484 Theophrastus.

133 1519 211 1580 Lud.
231 1518 451 1600 Philippson
472 1516 530 1600 1110
553 1513 752 1600 ἄνθρωπίνη,
783 1521 851 1579 Pars
874 1521 895 1580 l.
933 1521 977 1580 De
998 1521 1168 1579 internarum
1188 1522 1301 1581 humani

180 1605 302 1683 corporis
322 1607 442 1684 partium
464 1607 623 1682 cognitione
646 1604 802 1665 Aristotelis
823 1627 884 1664 cum
911 1606 1037 1664 Platonis
1061 1608 1203 1664 sententiis
1226 1626 1302 1665 com·

179 1695 286 1770 parata.
329 1690 399 1749 Pars
421 1691 456 1749 11.
496 1691 728 1769 Philosophorum
754 1698 880 1750 veterum
902 1692 1049 1767 usquead
1074 1692 1302 1769 Theophrastum

178 1776 306 1835 doctrina
325 1777 362 1835 de
382 1795 474 1840 sensu.
518 1775 707 1854 Theophrasti
731 1779 768 1835 de
796 1796 880 1835 sensu
902 1783 930 1835 et
950 1776 1093 1835 sensilibus
1114 1778 1303 1852 fragmentum

177 1861 548 1940 historico-philosophicum
573 1881 635 1919 cum
659 1867 738 1920 textu
761 1863 854 1920 (10000
878 1862 1034 1938 recognito,
1056 1862 1144 1939 prima
1159 1863 1302 1921 conversio
1366 1911 1368 1917 .

176 1945 264 2004 latina
285 1952 314 2004 et
335 1947 539 2005 commentaria.
564 1943 721 2004 Aristotelis
743 1947 871 2004 doctriua
892 1948 929 2004 de
952 1946 1086 2005 sensibus.
1114 1947 1303 2027 Theophrasti

177 2033 337 2107 fragmenta
359 2032 395 2091 (10
416 2051 515 2109 00000,
552 2032 697 2109 phantasia
724 2037 752 2089 et
779 2031 956 2091 intellectus
982 2030 1114 2090 Prisciani
1135 2032 1303 2110 metaphrasi

178 2118 299 2194 primum
319 2123 461 2194 excerpta.
505 2116 597 2179 Berol.
623 2111 712 2175 1831.
738 2111 766 2174 8.
812 2122 890 2186 (err.
906 2121 1105 2173 Biichsrlrunds
1125 2122 1146 2172 f.
1170 2122 1197 2174 d.
1214 2121 1302 2174 iilters

179 2196 304 2262 Medicin,
321 2197 347 2252 2.
365 2199 486 2266 Aufloga
510 2199 539 2251 S.
550 2197 608 2264 sia
624 2197 693 2250 Jahn
710 2213 777 2250 neus
794 2197 955 2251 labrbirohar
972 2198 992 2254 l.
1013 2195 1190 2253 Ρ111101.1834.
1203 2197 1302 2264 X.99.)

135 2271 204 2333 Chr.
227 2271 282 2334 Gli.
304 2269 576 2330 Kratzenstein
598 2269 732 2329 nonnulla
754 2272 790 2328 (10
812 2271 1001 2348 Theophrasti
1016 2271 1129 2329 historia
1145 2272 1302 2350 plantarum

178 2358 253 2416 bene
274 2357 399 2415 merendi
420 2356 551 2418 subsidia.
595 2356 681 2413 Hasn.
707 2350 798 2415 1772.
823 2350 853 2417 4.

133 2443 182 2501 Jo.
207 2443 267 2505 Jac.
288 2441 562 2500 Moldenhawer
582 2446 698 2502 tentam.
721 2440 750 2498 in
772 2439 962 2518 Theophrasti
975 2438 1119 2498 historiam
1134 2437 1301 2517 plantarum.

176 2527 334 2602 Hamburg.
358 2521 449 2589 1791.
472 2521 501 2588 8.
943 2600 945 2605 Ι

132 2611 211 2673 John
232 2613 462 2671 Stachhouse
496 2610 692 2669 illustrationes
724 2608 915 2686 Theophrasti
946 2609 973 2666 in
1006 2627 1087 2666 usum
1110 2608 1303 2667 botanicornm

176 2698 327 2777 praecipue
354 2697 601 2776 peregrinantium.
644 2695 748 2754 Oronti
776 2690 867 2753 1809.
894 2688 923 2756 8.
973 2706 1094 2771 (contra
1117 2705 1157 2760 st,
1184 2707 1303 2760 Examen

177 2787 227 2832 sto.
254 2779 341 2832 Paris.
365 2778 442 2834 1816.
459 2776 500 2846 8.)

133 2853 280 2930 Giuseppe
310 2851 544 2910 Montesanto
581 2850 626 2907 dei
657 2849 719 2907 libri
752 2849 781 2906 (11
809 2848 962 2907 Teosrasto
987 2847 1086 2906 Eresio
1112 2849 1223 2906 intorno
1252 2847 1305 2906 alle

176 2938 283 3017 plante,
305 2937 482 2995 commentati
504 2937 542 2993 da
562 2934 691 3012 Gasparo
714 2933 868 3010 Hofmann‚
890 2933 1002 2996 notizie,
1046 2927 1253 2994 Parlua1822.
1273 2929 1303 2991 8.

178 3017 264 3086 (Cum
288 3018 377 3086 effigie
399 3019 481 3087 casp.
506 3016 645 3069 Holmauni
673 3023 701 3068 et
725 3013 782 3070 Jos.
800 3015 862 3067 Ant.
879 3013 982 3067 Bonato
1007 3021 1034 3066 st
1056 3031 1114 3067 curn
1133 3013 1252 3067 orations
1271 3013 1304 3065 (10

177 3087 307 3157 Hippocr.
325 3095 352 3140 et
369 3089 504 3153 Socrate.)

133 3162 208 3222 Gco.
231 3159 337 3236 Wolfg.
361 3159 488 3221 Wedel
512 3159 671 3235 propempt.
699 3156 736 3213 de
763 3154 897 3213 corchoro
925 3154 1116 3232 Theophrasti
1144 3155 1172 3213 in
1202 3154 1302 3232 specie.

176 3246 240 3307 Jen.
250 3239 341 3307 1695.
351 3240 380 3307 4.
392 3277 433 3288 -
445 3243 583 3304 Bacasis
594 3240 694 3299 Wedel
707 3259 794 3301 exerc.
807 3241 880 3301 meli,
892 3239 987 3318 philol.
1000 3240 1083 3301 Cent.
1096 3240 1117 3299 l.
1131 3234 1226 3301 (1008.
1238 3259 1265 3296 0.
1274 3235 1304 3297 6.

178 3323 339 3393 (Κόρχορον
355 3325 383 3378 10
400 3322 577 3394 Theophrasti
598 3322 658 3378 hist.
678 3321 758 3390 plant.
780 3321 840 3378 Vll.
858 3319 882 3375 7.
908 3337 966 3373 esso
989 3320 1095 3374 herbam
1112 3319 1303 3382 mercurialem

179 3413 249 3449 nunc
267 3395 361 3446 dicitur
376 3395 524 3447 Corchorus
543 3391 682 3453 olitorius.)

134 3503 178 3514 -
197 3501 241 3511 -
265 3472 424 3547 propempt.
444 3467 481 3525 de
505 3466 602 3523 theseo
627 3461 824 3539 Theophrasti.
867 3460 928 3521 Jen.
942 3454 1034 3518 1708.
1046 3455 1076 3521 4.
1099 3493 1143 3503 -
1163 3457 1258 3516 Remis.
1274 3461 1304 3516 irr

178 3553 281 3613 Wedel
304 3572 392 3615 exerc.
416 3552 490 3610 med.
513 3549 608 3629 philol.
630 3547 712 3609 Ceut.
733 3545 768 3606 ll.
823 3547 957 3618 (0010οι00
980 3549 1115 3620 Theophr.
1141 3548 1202 3604 hist.
1222 3548 1303 3617 plant.

179 3633 240 3687 Vll.
260 3633 303 3688 12.
321 3633 507 3687 rhabarbarum
523 3647 597 3692 esse;
617 3626 796 3698 asprengelio
805 3644 853 3697 pro
863 3625 989 3679 Leontice
999 3626 1163 3696 chrysogono
1173 3626 1303 3692 babetur.)

135 3739 177 3752 -
203 3741 247 3751 —-
271 3708 308 3765 de
332 3707 471 3765 oenanthe
491 3703 688 3781 Theophrasti.
732 3702 795 3764 Jen.
821 3695 912 3762 1710.
934 3697 964 3762 4.
991 3732 1035 3746 -
1061 3699 1158 3762 Recos.
1180 3702 1210 3758 irs
1235 3700 1303 3760 We·

179 3790 226 3852 del
247 3810 336 3856 exerc.
358 3792 432 3855 med.
458 3789 555 3869 philol.
577 3789 659 3849 Ceut.
683 3785 720 3847 11.

527 3936 594 3990 ΜΜ.
653 3933 912 3989 Aelianus.

134 4048 201 4111 Car.
225 4000 411 4111 G10.Ktihn
436 4046 502 4104 (1100.
525 4045 561 4102 (10
577 4045 623 4102 via
647 4061 680 4100 ac
700 4041 809 4099 ratione
831 4058 888 4115 qna
908 4039 951 4103 Cl,
974 4034 1106 4096 Aelianus
1128 4039 1254 4118 sophista
1275 4040 1303 4098 in
1429 4051 1435 4060 ‘

177 4133 295 4193 historia
316 4133 474 4191 animalium
495 4128 695 4189 conscribenda
720 4144 786 4184 usus
811 4131 863 4187 est.
905 4123 985 4204 Lips.
1011 4118 1102 4184 1777.
1128 4121 1157 4182 4.

133 4220 180 4278 Jo.
209 4219 389 4277 Hermann
409 4217 478 4275 iiber
501 4217 555 4273 den
580 4214 734 4288 Phattages
760 4211 810 4267 des
832 4206 937 4268 helian.
982 4209 1135 4286 Strasburg
1154 4202 1246 4272 1782.
1272 4203 1302 4270 4.

179 4300 262 4370 (Essa
279 4298 393 4354 Buffonii
411 4296 538 4367 Pangolln
555 4313 576 4352 s.
595 4293 699 4348 Manem
717 4289 938 4360 tetradactylam.)
