2874 4974
662 321 770 382 Celsus.
1256 317 1299 383 59

175 469 425 552 φαρμακευτικὴν
446 480 477 533 et
498 469 719 558 χειρουργικῆν.
761 473 936 534 Helmestad.
964 469 1054 536 1766.
1075 471 1106 540 4.
1141 487 1213 558 (cfr.
1232 489 1296 545 Cor.

178 554 240 609 (ilo.
258 555 359 608 Krihn
375 557 408 611 do
427 555 483 610 loco
502 558 569 611 Celsi
587 558 617 611 in
631 557 810 627 praefatione.
846 557 920 625 Dipo.
939 556 1015 613 1823.
1030 557 1072 626 4.)

130 640 167 701 Ε.
196 643 232 701 G.
255 645 388 705 Struve
413 646 451 705 de
470 647 544 705 vitae
564 647 715 725 varietate,
749 646 851 723 insigni
880 647 1006 706 sanitatis
1032 648 1172 726 praesidio
1197 669 1298 710 secun·

173 729 243 787 dum
268 730 342 789 Cels.
365 729 387 789 l.
415 726 443 793 l.
486 731 580 794 Kilon.
608 725 699 793 1737.
724 727 753 789 4.

131 811 200 871 Chr.
222 814 306 873 Mich.
332 812 493 895 Adolphi
513 816 598 895 (resp.
622 816 698 876 Petr.
718 813 788 878 Phil.
810 813 886 893 Keil)
908 816 975 878 diss.
997 815 1091 893 inaug.
1110 820 1146 878 de
1160 815 1298 880 solvendo

173 899 252 958 bono
273 902 400 978 eorporis
424 902 520 960 habitu
541 903 695 960 secundum
717 900 790 959 Cels.
812 900 848 964 ll.
870 896 898 964 2.
920 901 998 980 Lips.
1024 898 1113 964 1741.
1132 904 1161 963 4.
1184 938 1227 952 —-
1240 905 1298 965 Ro-

173 1003 228 1048 oss.
253 986 285 1043 io
305 983 429 1066 Adolphi
454 988 519 1045 diss.
547 987 628 1066 phys.
654 987 752 1046 medic.
774 986 869 1047 select.
897 985 975 1066 Lips.
1002 981 1093 1050 1747.
1116 979 1146 1048 4.

130 1083 353 1234 J⁰llilsi>l⁹1l
366 1088 531 1238 sempopgia
552 1088 648 1147 mortis
664 1087 801 1147 Celsiano.
844 1087 977 1146 Francos.
996 1089 1035 1146 ad
1049 1087 1146 1154 Viadr.
1161 1085 1252 1152 1804.
1267 1087 1297 1152 8.

282 1186 304 1222 Γ.
355 1187 404 1225 ,0.
441 1211 446 1224 .

129 1238 252 1298 Euchar.
284 1241 370 1301 Ferd.
405 1242 471 1300 Chr.
504 1229 633 1301 Oertel
664 1243 702 1300 de
725 1260 817 1318 aquae
848 1241 968 1317 frigidae
993 1261 1045 1301 usu
1076 1243 1206 1302 Celsiano
1231 1246 1297 1306 diss.

173 1324 270 1404 philol.
293 1326 383 1399 med,
428 1329 458 1387 in
483 1345 540 1403 qua
564 1327 731 1404 praecipuos
754 1327 828 1386 Celsi
849 1325 926 1385 locos
953 1327 991 1384 de
1010 1346 1085 1403 aqua
1109 1330 1213 1406 frigida
1236 1331 1298 1390 illn-

174 1416 264 1469 strare
284 1423 412 1474 conatur.
455 1411 586 1471 Monach.
609 1407 700 1474 1826.
725 1408 754 1471 4.
799 1415 948 1485 (Philologi
962 1417 1082 1470 auctoris
1097 1421 1189 1488 opus.)

133 1511 206 1576 Geo.
234 1508 308 1589 Aug.
330 1512 525 1591 Langguth
548 1533 643 1592 progr.
675 1514 712 1571 de
738 1513 912 1593 paracentesi
939 1514 1032 1572 ascitis
1053 1517 1176 1575 remedio
1198 1519 1299 1578 admo-

176 1598 244 1656 dum
268 1599 405 1677 probabili
427 1619 481 1658 sec.
502 1598 575 1658 Cels.
598 1593 719 1660 11121.
762 1597 859 1658 Viteb.
882 1592 973 1657 1765.
994 1594 1024 1656 4.

131 1677 241 1741 Abrah.
262 1683 374 1743 Vater
410 1687 500 1762 (resp.
532 1684 578 1743 io.
599 1683 685 1742 Laur.
710 1682 863 1757 Weidner)
891 1682 957 1742 diss.
982 1683 1076 1760 inaug.
1104 1703 1162 1760 qua
1181 1684 1301 1747 chorda-

172 1769 339 1917 ppnsssgelsi
363 1772 401 1830 ad
426 1770 640 1848 disceptandum
660 1769 837 1848 proponitur.
868 1768 961 1827 Viteb.
984 1762 1076 1836 1738.
1098 1764 1129 1831 4.
1159 1783 1213 1851 (Ad
1230 1784 1301 1841 cels.

132 1921 209 1986 Dan.
236 1923 319 1987 Wilh.
344 1923 484 1983 Triller
517 1924 608 2001 (resp.
631 1923 697 1982 Chr.
724 1921 839 1982 imman.
863 1920 1020 1997 Loescher)
1053 1923 1119 1982 diss.
1142 1926 1179 1984 de
1201 1925 1301 1986 morbo

178 2008 300 2068 coeliaco
326 2010 460 2085 singulari
483 2027 500 2066 a
528 2009 614 2072 Com.
647 2008 731 2066 Celso
764 2009 914 2085 descripto.
970 2008 1060 2066 Viteb.
1089 2004 1179 2071 1765.
1207 2007 1243 2070 4.
1260 2045 1302 2057 -

177 2093 266 2152 Redit
285 2090 327 2152 io'
346 2095 398 2156 Tr.
425 2094 547 2173 Opuscc.
573 2094 637 2157 Vol.
663 2094 685 2158 1.
719 2087 810 2153 1766.
832 2113 859 2171 p.
882 2088 1072 2153 281-292.
1118 2099 1302 2168 (Graecorum

179 2176 260 2230 morb.
284 2175 392 2228 colicum
410 2192 477 2242 esso,
497 2176 599 2230 Celsum
617 2175 644 2228 in
662 2175 701 2228 his
718 2174 853 2228 vocabulis
871 2174 997 2242 errasse.)

134 2264 239 2328 lirano.
261 2266 303 2324 de
326 2265 512 2340 Figueroa
532 2266 638 2335 aciam,
670 2265 707 2322 de
729 2283 785 2340 qua
805 2265 930 2338 loquitur
954 2263 1053 2322 Celsus
1072 2263 1108 2323 V.
1129 2261 1187 2342 26,
1224 2267 1303 2330 filum

178 2369 298 2429 semper,
323 2369 403 2408 acum
420 2369 562 2427 nunquam
576 2349 744 2426 significare,
764 2349 984 2409 infibulationem
1010 2355 1038 2407 et
1052 2355 1176 2408 suturam
1199 2359 1305 2411 utram-

178 2454 237 2512 que
257 2455 292 2495 ex
312 2436 372 2493 acia
392 2435 468 2494 molli
489 2456 547 2494 non
561 2437 641 2493 nimis
655 2439 740 2511 torta,
761 2434 819 2492 sire
840 2452 874 2491 ex
893 2432 968 2492 molli
989 2433 1038 2492 filo
1057 2453 1116 2493 non
1130 2436 1209 2495 nimis
1226 2442 1303 2498 torto

179 2522 284 2592 serico,
317 2520 407 2594 lineo,
438 2520 483 2579 vel
507 2540 540 2580 ex
561 2520 614 2580 alia
638 2521 753 2578 materia
773 2517 864 2590 molli,
887 2537 944 2576 non
965 2525 1058 2577 autem
1079 2538 1177 2596 aereo,
1202 2521 1305 2601 ferreo,

179 2612 316 2682 argenteo
341 2612 391 2663 aut
420 2624 505 2664 aureo
531 2605 684 2663 secundum
716 2603 791 2662 Celsi
823 2608 943 2663 mentem
973 2623 1083 2684 semper
1104 2604 1164 2663 fieri
1189 2607 1303 2672 debere.

177 2690 290 2769 Hispali
310 2684 400 2752 1633.
425 2684 456 2752 4.

135 2777 183 2835 io.
205 2777 265 2835 iac.
293 2774 453 2833 Chifflet
480 2775 540 2833 acia
567 2773 652 2836 Corn.
682 2771 757 2832 Celsi
783 2772 914 2851 propriae
944 2772 1141 2850 significationi
1165 2777 1304 2858 restituta,

179 2860 343 2939 Alphonsus
374 2858 476 2918 Nunez
512 2860 605 2936 regius
638 2858 775 2916 archiater
814 2858 955 2921 defensus.
998 2855 1143 2939 Antwerp.
1161 2856 1252 2922 1633.
1272 2857 1302 2921 4.

182 2941 322 3009 (Metallici
338 2941 401 3011 quid
419 2959 477 2996 esse
495 2949 586 2994 eontra
604 2939 783 3009 Figueroam.)

137 3032 187 3096 Jo.
209 3032 373 3093 Rhodius
395 3033 433 3090 de
453 3031 513 3089 acia
535 3032 600 3094 diss.
622 3031 660 3090 ad
676 3030 761 3091 Corn.
785 3028 859 3088 Celsi
873 3034 1002 3092 mentem.
1046 3028 1142 3093 Patav.
1158 3023 1250 3093 1639.
1272 3027 1302 3091 4.

181 3150 226 3162 -
247 3115 304 3175 Ed.
329 3123 409 3175 nocto
430 3136 487 3174 cur.
513 3116 616 3176 Thom.
639 3115 826 3177 Bartholiuus.
850 3114 939 3173 Hain.
957 3110 1048 3179 1672.
1066 3111 1097 3178 4.
1116 3147 1160 3161 -
1174 3111 1243 3175 Noo.
1262 3119 1305 3175 ot.

181 3202 373 3278 Antiquitates
393 3201 601 3279 philosophicae
628 3202 752 3258 medicae
777 3207 806 3258 et
831 3199 1001 3274 chirurgicae
1022 3207 1074 3258 etc.
1117 3199 1210 3258 Lond.
1236 3203 1307 3259 Sca-

181 3307 244 3346 nor.
265 3285 370 3361 (Lund)
394 3281 484 3345 1691.
495 3282 525 3345 4.
536 3322 578 3332 -
592 3284 670 3343 Haec
690 3284 773 3342 editio
794 3305 813 3341 α
826 3283 990 3341 Bartholiao
1011 3291 1105 3342 morato
1125 3284 1306 3362 moltosfigg.

183 3373 265 3430 habet
285 3378 311 3430 et
333 3373 436 3448 copiose
457 3370 491 3429 de
503 3371 594 3449 fibula
614 3377 728 3428 veteram
749 3370 862 3448 aliisque
882 3370 1087 3445 ordiqoitob'bus
1107 3368 1231 3438 disserit3
1254 3370 1306 3426 od-

183 3457 260 3517 ditor
279 3455 387 3514 Rhodii
413 3456 476 3515 diss.
502 3456 535 3513 de
557 3458 615 3513 vito
642 3452 711 3513 Celsi
733 3460 758 3512 et
779 3454 812 3511 de
832 3452 973 3531 ponderib.
996 3458 1022 3509 et
1045 3455 1307 3513 mosomensem

183 3542 351 3600 medicorum.
395 3545 451 3612 (Ad
466 3545 539 3599 Cels.
554 3545 589 3596 V.
605 3543 647 3598 26.
664 3561 687 3596 s.
702 3543 760 3609 23.)

141 3627 236 3705 Chph.
251 3625 327 3687 Lod.
349 3626 538 3684 Charisius
564 3626 632 3685 diss.
654 3626 692 3683 de
713 3621 850 3684 meliceria
869 3621 950 3685 Celsi.
972 3620 1154 3698 Regiomont.
1168 3618 1306 3688 llll.4.

140 3705 567 3846 &appuppippslpsplffl
597 3779 634 3836 de
661 3778 799 3836 medicina
825 3775 968 3834 oculorum
994 3777 1070 3854 apud
1092 3777 1205 3835 Celsum
1231 3798 1308 3836 com-

184 3865 346 3928 mentarius.
390 3865 455 3925 Hal.
482 3856 573 3924 1817.
598 3859 627 3922 3.
675 3877 750 3944 (Cir.
775 3892 879 3944 quoque
903 3875 939 3930 G.
957 3874 991 3930 Ε,
1010 3875 1153 3929 Dohlhof
1173 3877 1200 3929 in
1220 3877 1307 3947 Greisa

184 3966 213 4000 n.
232 3947 357 3999 Wolther
373 3947 468 4000 Jonrn.
487 3945 512 3997 d.
527 3944 681 4015 Chirorgie,
698 3945 748 4000 Bd.
767 3946 792 3997 5.
810 3945 839 4000 S.
858 3942 910 3996 408
920 3949 984 4014 sg.;
1002 3943 1036 3998 ad
1056 3945 1124 3998 Cels.
1143 3946 1191 3999 Vl.
1210 3945 1249 4017 6.)

142 4037 187 4096 io.
212 4034 307 4114 Chph.
329 4035 443 4112 liger
456 4033 568 4092 Umriss
584 4035 634 4093 des
656 4034 816 4094 Zustandes
839 4034 890 4091 der
901 4035 1177 4094 Wundarzneikunst
1193 4036 1237 4094 bei
1253 4035 1308 4094 den

184 4120 261 4179 alten
284 4121 424 4198 Riimem,
469 4118 633 4197 vorzirglich
664 4140 700 4178 zu
732 4121 788 4178 deu
820 4119 920 4177 Zeiten
951 4121 1001 4178 des
1034 4119 1140 4183 Celsus.
1180 4116 1209 4184 2.
1230 4117 1308 4184 Auss.

184 4205 301 4264 Franlsf.
323 4225 348 4265 a.
373 4204 414 4267 M.
437 4197 529 4263 1799.
552 4199 581 4262 8.
626 4210 697 4275 (Est
717 4225 780 4264 nov.
801 4207 847 4264 tit.
868 4209 1004 4262 versionis
1024 4209 1089 4262 libri
1104 4211 1167 4265 711.
1188 4216 1217 4262 et
1230 4209 1308 4267 7111.

187 4287 269 4342 Corn.
290 4285 359 4341 Celsi
377 4286 410 4340 de
427 4285 562 4352 medicine,
581 4303 656 4355 quam
675 4285 794 4341 ediderat
811 4283 873 4341 ibid.
896 4285 984 4353 1789.)

142 4376 230 4438 Laut.
255 4376 405 4435 Heister
425 4379 515 4455 (resp.
537 4376 670 4449 Cramer)
691 4397 728 4436 an
750 4376 895 4451 chirurgus
919 4375 1083 4436 adolescens
1108 4376 1143 4434 sit
1164 4376 1309 4456 optimus?

184 4461 361 4525 nouenae.
390 4455 480 4524 1747.
502 4457 531 4526 4.
576 4466 629 4535 (lo
644 4467 719 4522 cers.
735 4465 796 4522 vu.
813 4466 852 4532 1.)
