2874 4974
586 309 726 370 Medicina
751 311 859 376 biblica.
1248 319 1309 386 115

178 463 380 524 commentario
406 461 551 523 illustrata
594 464 682 524 Halu.
694 459 786 525 1653.
800 461 922 546 (1673)
932 463 962 532 4.
980 463 1210 541 0101116628.
1227 475 1306 559 Lips.

135 633 211 695 Geo.
234 634 341 710 Wolfg.
367 631 491 691 Wedel
514 633 551 691 de
575 638 753 693 contractura
777 636 966 696 daemoniaca.
1019 637 1081 698 Jen.
1104 635 1196 708 1690.
1210 642 1241 712 4.
1263 683 1307 699 -.

179 720 279 778 Berua.
301 722 331 777 in
353 718 453 775 Wedel
475 736 565 776 exerc.
589 720 664 776 med.
684 719 778 797 philol.
802 721 884 780 Ceut.
908 723 927 780 l.
951 724 1012 782 dec.
1035 721 1063 782 6.
1082 745 1109 782 n.
1135 722 1164 785 2.

136 837 176 850 -
202 837 244 848 -
266 805 302 862 de
327 801 434 861 claudis
455 804 521 860 novi
543 805 711 862 testamenti.
742 805 805 864 Jen.
819 801 909 867 1704.
921 802 951 866 4.
975 841 1013 853 -
1036 809 1132 869 Recus.
1153 817 1184 873 in
1206 817 1307 879 Wedel

180 907 269 948 exerc.
291 888 366 948 med.
389 887 484 965 pbilol.
510 886 592 946 Cent.
613 887 647 947 ll.
670 889 729 952 dec.
752 886 780 949 l.

136 973 213 1036 Geo.
245 972 313 1034 Glo.
345 972 495 1031 Richter
519 992 616 1050 progr.
649 974 685 1032 de
709 975 846 1052 paralysi,
877 974 932 1033 alio
961 994 1043 1036 sensu
1071 980 1168 1058 priscis
1185 985 1240 1045 alio
1261 1007 1307 1049 re-

178 1058 349 1118 centioribus
369 1063 470 1130 sumta,
491 1059 529 1115 ad
553 1058 721 1136 paralyticos
732 1063 799 1119 novi
812 1063 970 1120 testamenti
985 1064 1134 1143 adplicata.
1178 1069 1306 1153 Gotting.

181 1138 272 1205 1756.
284 1139 314 1207 4,
336 1145 603 1215 (vicennariae.)

490 1344 555 1399 cc.
597 1327 955 1414 1100000170.

137 1467 212 1530 Geo.
234 1465 341 1542 Wolfg.
365 1465 489 1523 Wedel
515 1467 553 1524 de
573 1466 629 1524 lilio
651 1466 711 1542 agri
733 1462 793 1544 (Ad
808 1465 908 1525 Matth.
924 1463 955 1540 6,
967 1487 992 1526 r.
1004 1462 1077 1548 28.)
1097 1470 1159 1532 Jen.
1174 1469 1264 1538 1700.
1275 1477 1306 1545 4.

183 1551 275 1610 Reau.
310 1555 341 1608 in
383 1551 484 1609 Wedel
519 1570 609 1614 exerc.
637 1553 711 1615 med.
737 1550 833 1630 philol.
870 1551 950 1611 Ceut.
983 1552 1004 1611 l.
1041 1556 1100 1616 dec.
1128 1552 1177 1624 10.
1215 1582 1244 1622 n.
1276 1560 1305 1630 7.

182 1634 261 1703 (Esse
278 1632 370 1685 Lilium
388 1631 552 1702 Martagon.)

134 1738 185 1752 -
208 1739 252 1748 —
277 1707 314 1764 de
331 1704 452 1783 paralysi
473 1709 630 1780 torquente.
652 1704 716 1764 Jen.
732 1699 824 1763 1690.
835 1699 865 1766 4.
880 1739 918 1750 -
933 1705 1028 1765 Rarus.
1046 1711 1076 1766 ia
1091 1709 1191 1772 Wedel
1214 1726 1305 1784 exerc.

180 1792 255 1850 med.
280 1789 376 1868 philol.
402 1791 483 1853 Ceut.
506 1791 528 1853 1.
552 1791 612 1852 dec.
638 1786 667 1847 5.
693 1808 720 1848 u.
741 1784 771 1847 2.
793 1794 849 1861 (Ad
863 1794 963 1848 Matth.
974 1797 1000 1863 8,
1016 1814 1042 1849 v.
1059 1797 1098 1865 6.)

135 1909 182 1922 -
206 1907 250 1921 --
278 1877 315 1934 de
347 1876 451 1934 femina
474 1875 624 1934 duodecim
651 1893 787 1932 annorum
814 1877 954 1954 profluvio
981 1879 1124 1955 sanguinis
1150 1881 1306 1948 laborante.
1366 1876 1369 1881 ’

179 1961 242 2024 Jen.
256 1955 348 2019 1719.
359 1956 388 2024 4.
416 1964 472 2032 (sd
483 1965 584 2017 matth.
600 1963 626 2031 u,
643 1981 668 2015 v.
684 1964 741 2031 ro.)

135 2081 181 2092 -
203 2080 246 2090 —
269 2047 306 2104 de
330 2045 420 2123 sinapi
441 2046 602 2123 scripturae.
644 2046 707 2102 Jen.
723 2039 814 2102 1690.
832 2038 861 2102 4.
882 2078 920 2088 -
938 2044 1081 2106 Remmia
1099 2049 1198 2111 Wedel
1217 2073 1306 2117 exerc.

178 2132 255 2190 med.
272 2130 368 2210 philol.
390 2130 471 2193 Cent.
483 2128 505 2192 l.
522 2130 583 2190 dec.
596 2125 625 2189 5.
638 2149 665 2187 n.
677 2124 706 2191 3.
729 2131 785 2200 (Ad
799 2133 899 2186 Matth.
916 2135 957 2200 13,
973 2152 1000 2188 v.
1016 2137 1059 2204 31,
1071 2138 1120 2203 323
1151 2141 1193 2210 17,
1210 2162 1236 2196 v.
1248 2148 1307 2214 20.)

138 2250 182 2262 ·-
204 2248 245 2261 -
268 2217 304 2274 de
326 2216 510 2273 decimatione
527 2214 632 2273 olerum
654 2215 703 2286 (ad
717 2212 819 2271 Matth.
837 2210 890 2287 23,
906 2234 933 2278 v.
948 2211 989 2275 23
1007 2223 1036 2274 et
1051 2216 1120 2282 Luc.
1144 2215 1194 2297 11,
1206 2245 1233 2283 v.
1243 2221 1306 2303 42).

179 2295 346 2443 Jen.16595.
364 2295 395 2363 4.
413 2333 456 2343 -
474 2300 570 2358 Recto.
591 2302 623 2357 in
643 2297 745 2358 Wedel
766 2317 857 2360 exerc.
879 2301 952 2357 med.
974 2301 1070 2379 philol.
1097 2302 1179 2365 Ceut.
1203 2308 1223 2366 1.
1245 2311 1307 2372 dec.

177 2383 209 2446 8.
233 2405 262 2447 n.
309 2428 317 2444 .

134 2504 179 2518 -
199 2503 243 2516 -
267 2471 305 2528 de
319 2473 463 2546 unguento
478 2468 596 2527 nardino
617 2461 842 2542 (1111Μο111126,
854 2487 879 2526 v.
892 2463 923 2542 6,
939 2463 975 2542 7;
987 2467 1074 2530 Marc.
1084 2466 1136 2545 14,
1149 2491 1176 2537 r.
1192 2471 1221 2536 3.
1233 2483 1307 2553 etc).

178 2557 241 2698 len.
256 2549 346 2696 16187.
361 2550 392 2612 4.
407 2586 451 2598 -
468 2553 564 2613 Recta.
585 2556 615 2611 io
639 2551 741 2612 Wedel
761 2571 850 2612 exerc.
875 2554 948 2613 med
973 2555 1071 2634 philol.
1096 2558 1178 2617 Cent.
1196 2561 1219 2620 l.
1246 2565 1307 2625 dec.

203 2687 210 2703 .
237 2659 264 2698 n.
307 2682 314 2696 .

133 2759 180 2770 -
203 2757 243 2771 —
266 2724 304 2783 de
325 2722 383 2782 sale
407 2723 511 2781 insulso
538 2722 588 2792 (ad
605 2721 691 2780 Marc.
703 2715 733 2794 9,
753 2739 779 2780 v.
798 2716 860 2794 50).
883 2721 946 2784 Jen.
959 2717 1051 2783 1691.
1062 2718 1094 2784 4.
1106 2725 1256 2791 -11000,
1276 2736 1307 2793 i„

178 2808 281 2870 Wedel
305 2827 395 2868 exerc.
417 2808 493 2866 med.
513 2806 609 2887 philol.
635 2805 717 2864 Cent.
740 2805 763 2863 l.
789 2807 850 2868 dec.
871 2804 899 2866 5.
922 2828 951 2871 n.
972 2804 1002 2867 4.

133 2896 181 2959 Jo.
203 2895 281 2954 Frid.
306 2894 428 2971 Depre
455 2893 521 2950 diss.
549 2893 586 2950 de
612 2891 736 2949 balsamo
766 2891 938 2969 Evangelrco
964 2894 1155 2960 Samaritano.
1190 2897 1305 2962 Erford

180 2974 273 3041 1723.
286 2973 403 3052 (1733.)
414 2973 444 3036 4.
471 2981 524 3049 (ua
539 2981 605 3033 nuc.
623 2983 664 3046 10,
681 2998 707 3032 v.
719 2979 762 3045 aa,
777 2981 835 3049 as.)
1160 3007 1187 3051 a

134 3066 209 3124 Geo.
221 3063 326 3139 Wolfg.
341 3061 464 3121 Wedel
476 3064 512 3121 de
525 3062 681 3139 hydropico
693 3061 824 3119 divinitus
835 3067 940 3120 curato.
965 3061 1028 3124 Jen.
1041 3057 1133 3123 1718.
1144 3059 1173 3126 4.
1185 3099 1228 3112 -
1247 3067 1305 3128 Re.

178 3170 230 3209 cus.
241 3152 272 3207 in
283 3148 382 3208 Wedel
397 3167 484 3206 exerc.
499 3148 572 3205 med.
588 3146 684 3224 philol.
700 3147 783 3205 Cent.
799 3146 833 3204 ll.
850 3147 911 3206 dec.
928 3141 959 3206 5.
980 3152 1114 3219 (Adbuc.
1128 3154 1169 3221 14,
1182 3174 1209 3212 v.
1221 3160 1304 3229 asq.)

133 3234 210 3295 Dan.
228 3233 329 3293 Lund
352 3238 435 3312 (resp.
447 3230 511 3291 Nic.
527 3231 671 3302 Gezelius)
694 3232 731 3290 de
752 3231 830 3289 vocis
851 3253 997 3311 κερατιων
1012 3233 1170 3309 significatu
1187 3239 1224 3295 ad
1234 3236 1304 3300 Luc.

179 3315 228 3397 15,
249 3338 276 3382 v.
300 3314 348 3378 16.
370 3317 468 3376 Aboae
492 3311 586 3378 1697.
608 3311 638 3374 8.
1190 3329 1194 3336 ·

133 3405 208 3466 Geo.
223 3403 331 3480 Wolfg.
353 3402 477 3463 Wedel
499 3403 535 3461 de
556 3399 668 3460 Lazaro
696 3404 765 3458 ante
782 3404 903 3479 portam.
934 3399 999 3463 Jen.
1012 3393 1102 3460 1705.
1113 3395 1143 3461 4.
1171 3407 1302 3475 (Adhuc.

132 3483 437 3617 70111110110000
463 3556 530 3621 diss.
551 3556 589 3613 de
607 3554 708 3613 morbo
729 3551 841 3614 Lazari.
885 3551 949 3616 Hal.
968 3546 1058 3612 1733.
1069 3547 1099 3611 4.

131 3640 299 3702 (0110140111.
311 3642 365 3701 Ma
373 3661 436 3718 yer
454 3646 537 3719 (resp.
549 3640 612 3700 Gfr.
624 3639 740 3710 Kressa)
752 3639 818 3697 diss.
831 3639 867 3697 de
882 3657 1039 3716 sycomoro,
1063 3656 1146 3713 quem
1158 3640 1303 3703 Zachaeus

176 3730 341 3787 ascenderat
367 3729 419 3803 (ad
430 3724 500 3784 Luc.
517 3720 568 3798 19,
579 3744 606 3788 v.
619 3720 736 3803 1-4.).
771 3722 849 3802 Lips.
865 3717 957 3784 1694.
979 3717 1009 3781 4.

129 3829 352 3891 0103100010.
380 3825 614 3886 Eschenbach
641 3845 738 3904 progr.
770 3827 807 3885 de
834 3825 940 3903 piscina
968 3824 1119 3883 bethesda.
1165 3825 1302 3889 Rostoclr.

175 3909 268 3977 1769.
290 3909 320 3977 4.
342 3947 386 3957 —-
407 3912 493 3970 Redit
513 3914 543 3969 in
566 3910 666 3986 Ejusd.
689 3911 791 3989 Script.
818 3911 893 3974 med.
916 3909 981 3969 bibl.
1006 3928 1075 3989 pag.
1097 3904 1139 3969 60
1160 3930 1205 3987 sq.
1249 3919 1303 3988 (Ad

173 3996 280 4066 Evang.
298 3995 391 4050 Joann.
409 3995 435 4060 5,
453 4012 478 4047 v.
497 3991 588 4058 2-4.)
1299 4048 1300 4051 Ἴ

411 4148 485 4221 00.
506 4101 655 4219 ‘Aera
670 4145 1023 4250 apamiarum.

127 4294 204 4353 Geo.
227 4290 334 4366 Wolfg.
355 4289 480 4350 Wedel
502 4289 539 4346 de
563 4286 618 4345 vini
640 4285 727 4344 dulcis
749 4287 846 4365 plenis.
868 4278 1136 4348 10016914-
1154 4281 1250 4365 Rectus.
1271 4287 1302 4343 iu

171 4376 274 4437 Wedel
296 4394 385 4435 exerc.
406 4377 481 4439 med.
508 4371 605 4454 philol.
630 4372 712 4435 Cent.
736 4372 759 4431 l.
788 4373 850 4433 dec.
878 4367 908 4429 6.
930 4389 958 4433 n.
987 4364 1016 4427 8.
1047 4371 1101 4438 (Ad
1118 4368 1179 4424 Act.
1203 4373 1300 4444 Apost.

171 4459 244 4526 2V·
264 4457 322 4525 13.)

1003 4533 1048 4596 8*
