2874 4974
201 321 265 388 210
643 321 784 382 Medicina
803 320 923 403 publica.

248 473 379 559 ‘trime
396 472 563 540 caismos.
581 469 667 540 nuga.
686 471 763 529 1sss.
773 434 807 526 c.
827 472 890 529 uss.
909 469 1036 537 xxvii..
1051 486 1081 592 B.
1088 468 1151 533 419,
1167 469 1241 538 451..
1256 475 1286 526 et
1296 470 1374 526 Μω-

249 545 289 597 du
306 551 452 596 orationem
475 543 677 597 Horcacuucm.
702 541 785 596 Lond.
804 541 880 598 1724.
898 539 923 595 8.
945 540 1033 609 Lugd.
1077 582 1083 596 .
1103 539 1178 595 17‘25.
1195 540 1236 609 8.)

205 615 238 676 P.
262 616 306 676 W.
329 616 371 677 Μ.
394 616 430 680 D.
456 615 571 689 (Perrot
597 615 741 688 Williams‚
766 614 845 678 Med.
867 614 968 694 Doct.)
990 619 1077 672 notae
1101 614 1199 673 breves
1219 615 1248 672 ia
1269 613 1375 674 disser-

248 701 382 759 tationem
404 720 494 778 nuper
515 701 620 759 editam
647 701 683 758 de
703 701 875 759 medicorum
895 701 973 780 apud
996 706 1104 758 veteres
1132 699 1279 758 Romanos
1304 719 1375 759 cou-

249 786 362 846 ditioue.
383 783 477 848 Lond.
500 780 591 845 1726.
613 779 643 844 8.

205 870 363 949 Responsio
384 871 422 929 ad
447 869 625 929 Middletonii
646 869 684 927 de
699 869 831 934 medicor.
853 869 930 947 apud
941 873 1027 928 veter.
1041 867 1186 927 Romanos
1201 869 1373 942 conditione,

249 975 305 1032 qua
326 955 454 1013 servilem
478 961 507 1013 et
526 955 679 1032 ignobilem
707 973 769 1012 eam
793 955 879 1012 luisse
907 954 1061 1013 contendit
1096 951 1190 1012 Lond.
1222 948 1317 1016 1726.
1342 947 1372 1012 8.

205 1038 417 1099 Animadversio
447 1039 536 1098 brevis
563 1041 592 1098 in
621 1040 687 1102 diss.
721 1058 810 1117 nuper
836 1039 941 1101 editam
975 1041 1012 1098 de
1040 1039 1172 1101 medicor.
1205 1039 1284 1117 apud
1317 1044 1373 1098 vet.

246 1126 330 1188 Rom.
351 1125 519 1183 conditione.
554 1123 650 1186 Lond.
674 1119 765 1185 1726.
787 1119 818 1186 8.

206 1211 333 1287 Conyers
362 1209 571 1268 Middleton
592 1209 793 1267 dissertationis
819 1209 856 1267 de
877 1208 1047 1266 medicorum
1071 1207 1180 1267 Romae
1208 1206 1373 1283 degentium

249 1295 408 1354 conditione
433 1295 549 1370 ignobili
582 1299 612 1353 et
645 1294 736 1353 servili
762 1299 860 1352 contra
886 1312 1042 1370 anonymos
1069 1294 1208 1369 quosdam
1240 1298 1373 1350 notarum

247 1380 381 1452 brevium,
406 1380 596 1457 responsionis
617 1385 703 1456 atque
724 1378 970 1438 animadversionis
992 1384 1119 1436 auctores
1143 1377 1280 1437 defensio.
1302 1377 1372 1435 Pars

247 1464 532 1612 prima.tCa;rtab1lg.
555 1459 646 1528 1727.
666 1461 696 1528 4.
718 1469 772 1538 (An
792 1487 857 1540 pars
880 1468 968 1521 altera
996 1484 1110 1538 unquam
1133 1467 1273 1538 prodierit
1292 1467 1372 1520 dnbi-

245 1554 298 1600 tart
315 1563 348 1615 po
362 1553 409 1599 est.

98 1689 100 1697 Ι
133 1627 136 1639 “
204 1617 249 1678 Jo.
273 1619 382 1678 Ward
402 1617 604 1676 dissertationis
621 1616 799 1676 Middletonii
819 1618 856 1675 de
880 1616 1050 1675 medicorum
1070 1616 1179 1675 Romae
1207 1616 1372 1694 degentium

246 1704 406 1762 conditione
437 1704 554 1778 ignobili
587 1709 616 1761 et
647 1701 737 1760 servili
770 1703 897 1760 defensio
930 1702 1095 1764 examinata.
1147 1699 1242 1764 Lond.
1276 1695 1370 1763 1728.

248 1787 360 1843 (Auctor
377 1790 435 1836 erat
457 1783 530 1840 Prot.
555 1782 698 1836 rhetorices
714 1783 741 1836 iu
760 1783 867 1851 collegio
886 1782 1030 1848 Gresbam;
1054 1799 1087 1836 an
1105 1799 1168 1836 vere
1185 1783 1272 1836 editus
1289 1781 1372 1836 tuerit

248 1851 321 1918 liber,
339 1852 443 1904 dubium
461 1860 511 1917 est,
529 1851 607 1905 sicuti
624 1851 667 1908 Jo.
688 1851 751 1907 Chr.
768 1853 858 1905 Wolfii
876 1852 969 1905 medici
985 1851 1149 1907 bubonensis
1160 1851 1241 1906 simile
1255 1868 1371 1922 opuscu-

247 1921 296 1975 lum
315 1921 388 1992 prelo
406 1930 524 1990 paratum
540 1937 670 1990 uunquam
688 1937 810 1974 excusum
827 1939 885 1975 esse
901 1921 1025 1990 videtur.)

204 1995 268 2053 Car.
290 1992 460 2053 Lamotte
482 2012 517 2052 an
543 2014 625 2072 essay
647 2014 722 2071 upon
750 1995 798 2053 the
826 2001 899 2053 state
923 2001 953 2052 et
980 1995 1123 2053 condition
1150 1994 1184 2052 of
1206 1991 1370 2070 Physicians

245 2098 350 2156 among
370 2079 418 2138 the
439 2080 572 2154 ancients,
597 2080 763 2157 occasioned
787 2078 826 2156 by
852 2080 944 2138 alate
964 2080 1141 2139 dissertation
1165 2080 1200 2136 ot
1217 2078 1255 2138 D.
1272 2077 1371 2139 Midu-

245 2165 332 2237 leton,
353 2165 491 2242 asserting
512 2166 575 2224 that
600 2164 719 2242 Physiclr
740 2183 798 2223 uas
820 2165 918 2223 servile
934 2171 963 2222 et
985 2163 1181 2229 dishonorable
1198 2183 1305 2241 among
1320 2164 1370 2222 the

245 2250 293 2309 old
318 2250 459 2326 Romans,
487 2257 517 2309 et
544 2249 610 2327 only
637 2247 769 2328 practis’d
801 2249 838 2327 by
864 2249 956 2311 slaves
976 2258 1005 2309 et
1031 2252 1081 2310 the
1111 2255 1236 2308 meanest
1260 2252 1296 2309 oi
1319 2248 1368 2307 tlte

243 2336 354 2414 people.
374 2333 468 2395 Lond.
490 2330 581 2396 1728.
603 2330 632 2398 8.
656 2338 806 2408 (Theologi
825 2356 892 2408 opus
912 2340 1045 2393 eruditum
1065 2350 1093 2392 et
1113 2338 1266 2407 ireuicum.)

200 2436 275 2496 Dan.
295 2436 385 2495 Vink
407 2437 589 2495 amoenitates
614 2418 933 2514 philologico-medicab,
956 2438 984 2496 in
1007 2438 1107 2514 quibus
1121 2437 1289 2495 mediciuaa
1305 2453 1367 2494 ser-

242 2523 331 2579 vitute
350 2522 492 2593 liberatur,
515 2541 578 2580 nam
603 2529 715 2599 praeter
740 2521 800 2597 ejus
828 2522 973 2598 originem,
993 2540 1190 2600 progressum,
1218 2525 1367 2599 praestan·

240 2607 318 2680 tiam,
339 2607 543 2680 necessitatem,
561 2625 653 2684 usum,
677 2608 808 2685 praemia,
830 2608 951 2665 honores
973 2613 1059 2683 atque
1085 2605 1228 2684 privilegia
1247 2605 1364 2662 medicis

241 2710 373 2750 concessa
396 2692 561 2767 inquiritur,
589 2710 626 2749 an
647 2694 783 2751 medicina
803 2693 957 2768 antiquitus
975 2692 1057 2750 suerit
1080 2692 1204 2749 studium
1232 2688 1365 2747 illiberale

240 2777 383 2852 servisque
405 2783 514 2834 tantum
538 2778 692 2854 proprium.
735 2777 859 2852 Trajecti
880 2778 917 2835 ad
942 2777 997 2835 Rh.
1020 2771 1111 2837 1730.
1136 2771 1166 2836 8.
1204 2785 1365 2908 (Ρηοοίἱιιο

241 2858 306 2911 lacit
323 2858 356 2909 ad
375 2857 445 2910 litem
464 2859 497 2909 de
514 2858 618 2910 medicis
638 2859 762 2912 Romanis
780 2858 872 2921 servis,
891 2859 938 2911 sed
956 2859 1035 2911 multa
1058 2858 1111 2912 alia
1136 2855 1297 2911 collectanea
1333 2873 1364 2909 a·

240 2927 285 2980 bet
303 2927 338 2980 ad
356 2926 447 2982 histor.
465 2926 557 2979 medic.
574 2927 602 2979 in
619 2928 781 2995 universum
800 2928 965 2998 auctoriosa
981 2926 1118 2995 medicus.)

197 3014 291 3074 Pieter
313 3016 356 3076 du
376 3016 439 3075 Pui
460 3015 748 3093 vermaakelylsheden
777 3024 889 3076 ontrent
912 3019 948 3076 de
971 3017 1098 3094 vryheyd
1125 3017 1178 3075 der
1203 3015 1364 3094 heellronst,

240 3101 333 3179 zynde
361 3101 411 3160 het
438 3102 555 3173 ondste,
588 3102 726 3178 nuttigste
755 3123 791 3162 en
822 3103 1060 3181 noodzalrelylrste
1082 3101 1143 3160 deel
1171 3103 1222 3160 der
1243 3120 1364 3176 geuees-

238 3186 333 3260 koust,
354 3187 487 3262 geoefent
509 3186 546 3263 by
566 3185 775 3265 Hebreeuwen,
797 3187 1008 3264 Egypteuaars,
1034 3187 1155 3246 Griekeu
1179 3205 1215 3245 en
1237 3186 1363 3263 Romey·

237 3291 301 3330 nen.
343 3273 389 3349 By
405 3271 492 3330 welle
516 3271 680 3349 Romeyuen
705 3292 759 3330 van
787 3291 859 3331 onze
877 3275 950 3350 zyde
972 3274 1000 3331 in
1024 3272 1204 3348 orerweging
1221 3289 1363 3347 genomen

237 3358 342 3416 wurdt:
367 3357 411 3416 Os
429 3358 466 3416 de
486 3356 635 3416 heellronst
658 3376 733 3416 meer
754 3359 810 3416 dan
841 3359 878 3416 de
902 3357 1114 3435 geueeskonst?
1140 3356 1184 3415 0f
1203 3358 1278 3416 deza
1305 3356 1362 3415 niet

238 3461 272 3500 en
298 3442 416 3518 geneal
445 3442 623 3520 gemenelylrs
648 3443 677 3501 in
705 3443 963 3502 stamen-handen
985 3449 1108 3520 geweest
1135 3441 1182 3501 ist
1213 3441 1300 3519 gelyk
1324 3461 1363 3499 nn

239 3525 357 3601 oulaugs
381 3525 420 3589 D.
443 3527 516 3584 Vink
540 3528 568 3585 in
589 3548 661 3605 ayne
685 3526 877 3587 Amoenitates
903 3528 1211 3607 philologicomedicae
1232 3527 1270 3585 de
1285 3525 1363 3585 lteel-

239 3610 324 3667 lronst
344 3630 380 3668 eu
402 3611 526 3669 desselvs
547 3613 693 3671 cesenaars
718 3614 767 3673 het
790 3631 1002 3690 aangewreren,
1023 3632 1078 3671 rau
1104 3611 1191 3671 wellre
1211 3611 1305 3670 blaarn
1325 3611 1363 3670 de

238 3694 384 3753 heelkonst
403 3701 556 3772 gezuyvert
574 3716 608 3754 en
627 3700 775 3775 verdedigt
790 3707 870 3760 wort.
913 3697 1012 3776 Leyde
1032 3693 1125 3760 1733.
1140 3691 1169 3756 8.
1195 3694 1267 3776 (Pro
1289 3699 1362 3754 clrir-

239 3774 312 3843 urgis
334 3783 427 3830 contra
444 3776 579 3841 Vintium
605 3779 653 3832 ct'r.
676 3779 767 3833 Hallec
785 3779 845 3837 bibl.
864 3779 927 3834 ebir.
948 3779 984 3835 ll.
1005 3779 1078 3848 154.)

197 3857 242 3923 Jo.
263 3863 350 3926 Henr.
377 3865 534 3926 Scbnlze
562 3863 649 3945 (resp.
674 3869 753 3931 Hier.
786 3870 940 3950 Bemigau)
971 3868 1096 3928 excursio
1120 3867 1149 3925 in
1178 3865 1361 3943 antiquitates

239 3947 370 4006 adserui
394 3952 493 4009 medici
517 3955 593 4030 apud
618 3954 742 4013 Graecos
760 3963 790 4014 et
814 3956 957 4014 Romanos
986 3953 1173 4012 conditionem
1197 3951 1359 4014 eruendam.

239 4030 308 4127 Hal
328 4027 418 4178 1733.
440 4028 472 4096 4.
493 4041 582 4111 (Opus
608 4044 715 4098 doctum
735 4045 818 4099 multa
839 4047 873 4098 dc
895 4043 983 4099 servis
1004 4042 1131 4096 Romanis
1151 4041 1181 4095 in
1204 4041 1360 4095 uuiversum

239 4122 380 4169 continens.

193 4199 249 4260 Jul.
278 4203 343 4262 Car.
372 4203 567 4280 Schlaeger
587 4207 703 4267 historia
729 4210 783 4268 litis
810 4212 847 4269 de
870 4211 1042 4269 medicorum
1065 4207 1143 4285 apud
1167 4212 1278 4268 veteres
1300 4206 1361 4265 Ro·

238 4305 338 4346 manos
365 4290 526 4365 degentium
556 4295 724 4356 conditione.
768 4296 924 4355 Helmstad.
954 4289 1046 4353 1740.
1073 4289 1103 4355 4.
1131 4324 1176 4337 -
1200 4291 1299 4352 Remu.
1330 4295 1359 4349 iu

237 4370 284 4430 Jc.
310 4373 376 4432 Chr.
398 4375 454 4435 Gli.
479 4373 654 4437 Aclrermanu
674 4399 788 4458 opuscc.
810 4382 848 4439 ad
867 4381 1020 4439 medicinae
1042 4377 1186 4438 historiam
1215 4378 1358 4456 pertiuen-

237 4456 285 4515 tia.
309 4455 438 4523 Norimb.
463 4454 556 4522 1797.
576 4457 606 4526 8.
628 4483 695 4543 pag.
715 4460 915 4529 293-342.
940 4478 1085 4542 (accurata
1107 4480 1138 4529 et
1161 4474 1234 4529 stilis
1257 4472 1356 4544 disqui-
