2874 4974
185 304 248 369 196
652 301 707 362 Ars
727 301 895 368 obstetricia.

230 461 281 522 lari
306 459 502 519 observatione
525 457 563 516 ad
591 457 669 518 tabb.
695 463 817 534 quatuor
844 473 946 514 aeneas
972 454 1126 530 illustrata,
1153 474 1216 514 cum
1242 455 1359 531 quibus·

231 550 296 606 dam
330 547 367 603 ad
399 545 541 604 historiam
572 543 720 602 literarium
755 542 953 601 additamentis
986 541 1042 599 huc
1075 540 1250 605 facientibus.
1293 541 1358 642 Hal.

190 634 282 780 A.(C.
304 715 338 774 L.
360 715 577 773 Villeneuve
597 713 731 771 memoire
750 711 904 786 historiqne
925 728 972 766 sur
996 709 1120 788 l’emploi
1144 711 1183 768 du
1204 710 1294 786 seigle
1315 729 1358 768 er·

234 802 303 879 gote
324 820 396 877 pour
420 800 558 858 acceleret
579 818 616 856 ou
638 798 805 857 determinet
827 796 1061 854 l'accouchement
1090 815 1128 853 on
1152 795 1180 853 la
1201 796 1360 854 delivrance

233 889 304 946 dans
325 887 351 944 le
373 905 420 944 cas
445 883 571 942 d'inertie
596 885 666 942 dans
690 882 718 941 la
741 882 864 941 matrice.
895 880 973 939 Paris
990 875 1081 942 1817.
1098 875 1129 939 8.
1155 877 1217 938 Cum
1230 882 1285 939 tob.
1300 900 1359 938 aco.

191 975 227 1036 A.
263 973 289 1029 J.
312 970 471 1028 Sedillot
498 969 661 1027 recherches
682 968 851 1043 historiques
872 985 919 1024 sur
933 965 961 1023 la
976 965 1062 1024 fievre
1083 965 1258 1044 puerperale.
1282 964 1359 1024 Diss.

232 1058 326 1132 inaug.
359 1055 438 1113 Paris
461 1047 553 1115 1817.
577 1049 607 1116 4.

508 1204 549 1300 1.
618 1199 1040 1300 obstetrices.

193 1361 223 1421 P.
250 1358 284 1419 A.
313 1358 498 1420 Delacoux
525 1359 688 1437 biographie
716 1358 766 1414 des
794 1375 876 1434 rages
906 1359 1021 1415 semines
1050 1355 1171 1414 celebres
1198 1356 1358 1427 anciennes,

234 1446 381 1504 modernes
408 1451 437 1502 et
463 1445 698 1522 contemporains.
747 1440 824 1500 Avec
848 1437 891 1500 ⁹20
916 1443 1058 1519 portraits.
1111 1440 1189 1498 Paris
1214 1436 1308 1500 1833.
1327 1439 1356 1500 4.

190 1533 235 1592 Jo.
259 1531 330 1589 Geo.
354 1529 474 1586 Simon
496 1534 583 1606 (resp.
606 1529 651 1591 Jo.
667 1529 704 1588 H.
719 1526 804 1608 Lots)
820 1529 857 1585 de
876 1527 985 1611 juribus
1007 1527 1202 1599 obstetricum,
1230 1527 1284 1584 wie
1305 1526 1357 1585 viel

232 1617 312 1675 ihren
332 1615 508 1689 Zeugnissen
530 1615 559 1672 in
580 1613 664 1684 Ehe,
684 1612 943 1689 Schwiingerungs-
958 1613 1017 1670 und
1037 1611 1249 1670 Geburtsfallen
1271 1611 1358 1670 Glau-

233 1703 287 1759 ben
320 1701 521 1758 heiznmessen.
564 1699 627 1760 Jen.
648 1691 740 1757 1671.
765 1693 885 1780 (1678.)
909 1693 939 1762 4.
958 1730 1001 1741 -·
1025 1695 1121 1755 Reuss.
1138 1696 1198 1756 ibt
1218 1692 1312 1757 1740.
1327 1691 1358 1757 4.

236 1781 307 1851 (1011
329 1778 501 1850 opusculum.)

191 1855 263 1914 Geo.
285 1853 348 1910 Alb.
370 1853 478 1911 Fried
498 1853 604 1930 (praes.
627 1848 747 1928 Kugler)
773 1851 889 1926 dejure
917 1851 1098 1910 obstetricum
1125 1851 1281 1911 secundnm
1301 1856 1359 1908 sta-

232 1945 294 1998 tuta
318 1936 576 2013 Argentoratensia.
618 1935 687 1993 Pars
709 1935 729 1993 l.
753 1936 787 2000 ll.
812 1937 929 2013 Argent.
956 1931 1047 1996 1758.
1071 1931 1215 2000 176114.

190 2024 325 2083 Bnrcard.
353 2023 467 2080 Gtthels
487 2025 620 2080 Struve
657 2021 829 2080 schediasma
861 2024 898 2081 de
918 2029 1003 2100 partu
1034 2022 1179 2100 supposito
1203 2028 1233 2080 et
1261 2026 1357 2079 custo-

233 2109 279 2167 dia
300 2108 425 2185 corporis
447 2108 628 2165 foeminarum
648 2106 806 2180 illustrium,
831 2109 914 2165 variis
936 2109 1107 2183 argumentis
1126 2113 1213 2182 atque
1223 2106 1357 2185 exemplis

231 2194 407 2255 illustratum.
450 2193 514 2253 Jen.
546 2186 637 2251 1732.
660 2187 690 2253 4.
720 2197 794 2263 (lCti
819 2214 887 2266 opus
914 2197 948 2248 de
970 2198 1083 2250 cautelis
1112 2197 1184 2266 apud
1213 2196 1355 2266 principes

231 2274 335 2328 usitatis
353 2292 400 2344 pro
418 2281 537 2344 partuum
552 2271 744 2341 legitimitate.)

188 2346 256 2407 Aur.
278 2348 453 2423 Titsingh
478 2347 568 2406 Diana
591 2347 789 2405 ontdelrlrende
809 2347 857 2404 het
878 2347 987 2423 geheim
1010 2346 1060 2405 der
1081 2347 1224 2419 dwaazen,
1246 2347 1295 2405 die
1313 2348 1357 2423 sig

229 2435 449 2491 vroedmeestcrs
474 2451 612 2490 noennen.
635 2429 776 2490 Arrrsterd.
793 2427 885 2491 1750.
908 2427 936 2489 4.
972 2443 1067 2512 (Multa
1091 2445 1207 2498 continet
1229 2444 1357 2497 historica

231 2515 264 2566 de
283 2513 391 2581 collegio
410 2512 557 2581 chirurgico
577 2511 807 2565 llmstelodamensi
826 2521 855 2565 et
873 2513 905 2565 de
923 2514 1037 2582 ejusdem
1056 2514 1101 2566 lite
1126 2532 1183 2567 cnm
1200 2513 1309 2568 medicis
1327 2523 1356 2566 et

230 2581 452 2704 gilrarmacopolis,
476 2583 509 2634 de
531 2583 648 2633 sectione
672 2599 811 2648 caesarea,
836 2582 869 2634 de
893 2591 970 2635 vecte
993 2583 1197 2653 Roonhuysiano
1216 2590 1285 2650 etc.;
1304 2585 1353 2638 cir.

258 2652 321 2704 aller
337 2652 400 2705 bibl.
420 2652 483 2705 chir.
500 2651 534 2703 Il.
560 2650 633 2716 143.)
793 2658 799 2668 ’·

187 2725 309 2806 (David)
332 2725 515 2783 Mansf-eld
540 2724 741 2798 Beurtheilung
762 2722 811 2780 des
837 2723 1021 2798 „geistlichen
1042 2704 1132 2784 Rath's
1157 2725 1205 2784 far
1227 2726 1354 2784 Hebam-

228 2829 291 2867 men
313 2829 377 2866 vom
399 2810 616 2867 Archirliaconus
638 2810 773 2879 Harms,“
795 2810 877 2866 nebst
898 2810 973 2867 einer
992 2811 1096 2868 kurzen
1119 2810 1289 2870 Geschichte
1304 2813 1355 2870 der

229 2896 355 2970 Stiirung
370 2896 420 2952 der
431 2895 724 2953 Araneiwissenschail
740 2894 826 2951 durch
840 2895 1002 2970 geistlichen
1018 2895 1213 2973 Mysticismus.
1241 2897 1353 2955 Braun-

228 2979 350 3054 schweig
373 2974 465 3043 1825.
484 2975 515 3039 8.
551 2992 664 3057 (Contra
683 2991 762 3044 Cleua
780 2991 875 3044 Harms
895 2992 1079 3046 Archidiaconi
1097 2993 1246 3048 Kilonensis
1263 2995 1354 3066 inepta

220 3059 264 3180 ᾰ111
281 3059 438 3199 obste)trices
461 3068 489 3113 et
505 3060 681 3131 parturientes
699 3060 820 3127 consilia3
846 3061 920 3114 simul
945 3062 998 3116 alia
1022 3063 1136 3132 ejusdem
1159 3065 1265 3118 farinae
1283 3066 1352 3135 diju-

239 3139 349 3184 scantur.

219 3335 392 3456 XX.
467 3338 875 3458 Historia
915 3338 1321 3484 pharma-

565 3497 968 3641 coloniae.

498 3725 557 3798 a.
631 3703 1042 3803 Generatim.

188 3883 405 3945 Jourersius
426 3887 559 3971 (Fersch)
584 3892 621 3951 de
641 3894 706 3951 viris
726 3895 755 3952 in
780 3896 925 3954 materiam
949 3897 1085 3955 medicam
1110 3901 1140 3954 et
1165 3913 1224 3975 rem
1253 3895 1355 3955 herha-

230 3970 299 4027 riam
323 3972 394 4029 bene
415 3976 527 4033 meritis.
552 3977 666 4039 Vratisl.
693 3974 784 4039 1594.
807 3993 908 4061 (Etiam
924 3993 951 4047 in
966 3995 1050 4051 Laus.
1070 3995 1164 4047 Scholr
1173 3997 1294 4066 catalog.
1308 4013 1355 4048 ar·

231 4051 330 4107 boram.
350 4053 441 4108 Color.
460 4055 546 4122 1594.)

187 4125 251 4183 Car.
273 4144 291 4183 a
313 4124 455 4184 Khittel
477 4129 621 4189 doctrinae
637 4134 673 4191 de
688 4134 793 4191 viribus
809 4135 1022 4194 medicaminum
1038 4137 1107 4195 fata.
1135 4134 1201 4193 Hal.
1215 4129 1310 4196 1792.
1323 4129 1354 4198 8.

187 4209 252 4268 Car.
277 4209 353 4286 Aug.
381 4211 424 4270 de
448 4212 594 4289 Bergen
629 4218 713 4296 (resp.
746 4218 810 4277 Car.
839 4221 938 4299 Steph.
972 4219 1048 4284 Lud.
1075 4220 1254 4299 Wesenield)
1288 4220 1354 4279 diss.

230 4295 483 4355 medico-historica
504 4299 604 4357 sistens
629 4303 839 4380 chronologiam
861 4305 1040 4363 formularum
1064 4307 1234 4364 medicatum
1261 4312 1290 4366 et
1310 4326 1355 4365 re-

229 4381 383 4474 mediorum
413 4381 637 4458 chirurgicorum.
662 4388 793 4447 Francof.
818 4390 856 4446 ad
880 4390 976 4450 Viadr.
1003 4386 1095 4454 1754.
1110 4386 1138 4449 4.
1163 4402 1306 4474 (Excerpe.
1328 4403 1355 4458 in

226 4459 303 4513 Wers
320 4465 445 4532 Aurarige
462 4481 511 4516 aas
529 4466 684 4522 bisterton.
701 4474 754 4538 scir
776 4470 953 4526 Wuadrirstc.
974 4472 1026 4528 Ba.
1048 4471 1088 4525 12.
1106 4473 1135 4525 S.
1152 4471 1212 4540 93.)
