2874 4974
477 275 617 337 Medicina
642 280 836 342 recentiorum.
1200 285 1242 349 65

114 425 213 496 (Gilles
231 423 406 509 decorbeil,
427 423 541 508 Philippi
559 426 671 495 Augusti
689 428 759 508 regis
778 429 882 484 Galliae
900 431 1044 499 archiater,
1069 435 1117 492 cfr.
1136 438 1240 507 Aegidii

114 495 293 551 Corbolienns
312 511 426 548 carmina
443 496 552 551 medica.
571 495 646 568 Lips.
665 497 741 554 1820.
759 497 797 565 8.)

485 633 552 687 GG.
609 634 831 694 Trotuto.

69 742 140 804 Chr.
174 738 296 799 Godofr.
329 737 472 797 Gruner
497 759 592 816 progr.
627 760 719 816 neque
745 742 818 800 Eros
841 763 933 820 neque
958 746 1087 824 Trotnla,
1113 750 1163 807 sed
1189 753 1243 809 Sa-

113 827 266 885 lcmitanus
303 825 416 900 quidam
451 825 590 897 medicus,
627 827 708 905 isque
745 828 935 903 Christianus,
962 830 1061 890 auctor
1082 832 1164 892 libelli
1189 842 1243 914 est,

115 912 167 988 qui
194 910 230 969 de
258 909 362 966 morbis
390 909 534 967 mulierum
561 911 724 968 inscribitur.
768 911 830 974 Jen.
856 909 944 974 1773.
971 911 1001 972 4.
1047 921 1197 986 (Accurcte
1215 934 1243 978 et

118 991 227 1063 copiose
244 990 406 1060 disquisitio;
427 993 475 1044 etr.
486 992 623 1044 tnlrrbucb
635 996 662 1062 s.
678 995 703 1045 d.
726 995 849 1047 deutsche
869 996 963 1048 Medic.
980 995 1006 1049 3.
1017 998 1113 1069 Jdlrrg.
1130 1001 1158 1053 S.
1170 1002 1242 1071 144.)

162 1147 245 1242 l).
310 1143 657 1242 Medicina
696 1148 1157 1249 recentiorum

642 1315 690 1351 8611

360 1412 643 1482 Saeculum
701 1416 963 1488 XVI—XIX.

75 1554 154 1616 Will.
178 1554 267 1613 Henr.
289 1554 469 1614 Williams
495 1575 511 1612 a
539 1557 650 1614 concise
677 1558 789 1614 treatise
812 1577 848 1615 on
874 1558 922 1616 the
942 1578 1075 1636 progress
1096 1561 1131 1618 of
1150 1563 1246 1622 mede·

121 1640 183 1698 cine
204 1641 279 1700 since
303 1640 351 1700 the
373 1659 438 1716 year
461 1634 551 1699 1573.
595 1641 688 1703 Lond.
712 1637 802 1700 1804.

76 1723 153 1787 Dav.
176 1744 243 1783 van
264 1725 519 1800 Hoogstraten
553 1727 618 1784 diss.
648 1727 727 1805 epist.
756 1729 793 1784 de
819 1726 956 1785 hodierno
983 1728 1135 1788 medicinae
1160 1736 1245 1794 statu.

119 1810 218 1873 Dortr.
238 1806 330 1871 1683.
346 1805 375 1868 8.
391 1822 460 1885 (Cir.
483 1823 567 1893 Chpb.
600 1823 785 1893 Wegleiter
809 1824 841 1878 de
865 1825 997 1895 palmariis
1021 1844 1091 1880 seeo.
1108 1828 1190 1882 nostri
1206 1829 1248 1881 in-

122 1891 218 1946 ventis.
234 1892 327 1945 Altort.
352 1889 425 1944 1679.
443 1891 482 1958 4.)
1051 1924 1054 1926 -

77 1965 134 2024 Th.
157 1965 280 2022 iansson
302 1963 338 2023 ab
358 1962 597 2024 Alrneloveen
621 1967 732 2025 inventa
754 1967 941 2042 nov-antiqua
966 1968 982 2029 i.
1007 1987 1030 2025 e.
1057 1969 1148 2027 brevis
1168 1989 1249 2029 enar·

121 2051 195 2108 ratio
219 2059 298 2110 ortus
321 2055 350 2108 et
374 2068 540 2126 progressus
574 2053 639 2110 artis
672 2053 810 2122 medicae,
845 2071 878 2110 ac
900 2054 1047 2130 praecipue
1070 2054 1106 2112 de
1130 2056 1248 2114 inventis

121 2135 209 2210 vulgo
230 2136 310 2193 novis
336 2135 374 2191 ait
395 2135 553 2212 nuperrime
577 2137 605 2193 in
632 2156 665 2194 ea
690 2138 813 2212 repertis.
870 2137 1020 2212 Subjicitur
1041 2137 1141 2213 Ejusd.
1157 2159 1249 2199 rerum

122 2221 296 2278 inventarum
319 2221 520 2278 onomasticon.
564 2219 681 2281 Arnstel.
701 2217 789 2279 1684.
807 2218 836 2280 8.
852 2223 916 2284 min.
955 2226 1082 2292 '(Simila
1097 2246 1164 2297 opus
1179 2247 1250 2282 corn·

124 2301 263 2371 pilutitium
282 2308 309 2353 et
327 2300 441 2368 ejusdem
459 2302 574 2354 auctoris
593 2313 648 2355 este
688 2305 830 2369 opercula,
853 2304 908 2354 siue
927 2304 1120 2370 antiquitatum
1136 2323 1150 2356 e
1167 2307 1250 2358 eucrir

125 2375 304 2438 profanorum
321 2372 460 2436 specimen,
479 2373 661 2437 conjectured,
679 2379 796 2423 veteram
811 2374 950 2438 poitnrrrm
964 2377 1125 2441 fragmenta
1146 2381 1171 2425 et
1186 2378 1249 2442 plo-

119 2440 277 2509 ,giariorrrru
292 2441 417 2506 syllabus.
456 2440 562 2491 Amstcl.
587 2439 661 2492 1686.
681 2438 707 2493 8.
726 2439 801 2503 min.;
822 2456 877 2491 curn
896 2457 964 2492 novo
986 2439 1074 2493 titulo:
1093 2442 1249 2496 Amoenita-

125 2515 166 2560 ter
182 2508 537 2578 theologico-philologicue.
578 2507 685 2563 Amstel.
706 2507 780 2561 1694.
799 2507 842 2576 8.)

80 2581 127 2642 Jo.
151 2578 257 2640 Abrab.
282 2581 455 2639 Mercklin
481 2582 616 2659 diascepis
637 2582 840 2640 neotericorum
867 2581 978 2639 inventa
1003 2581 1122 2659 plurima
1142 2585 1250 2642 medica

124 2665 321 2742 complectens.
365 2666 460 2723 Patav.
486 2662 577 2725 1696.
599 2662 628 2725 4.

81 2752 156 2810 Geo.
182 2748 252 2808 Phil.
274 2748 414 2809 Neuter
443 2752 479 2808 de
503 2746 579 2809 statu
608 2751 760 2810 medicinae
784 2751 931 2809 hodierno.
957 2749 1076 2827 Argent.
1104 2746 1195 2811 1713.
1219 2749 1248 2816 4.

82 2838 170 2896 Corn.
193 2854 211 2893 a
232 2835 409 2911 Beughem
430 2835 551 2911 syllabus
571 2856 667 2895 recens
692 2837 899 2912 exploratorum
923 2837 950 2893 in
974 2856 1004 2894 re
1026 2838 1147 2910 medica,
1179 2837 1251 2915 pluy-

126 2922 184 2979 sica
205 2927 233 2979 et
258 2921 391 2996 chymica,
421 2927 506 2997 prout
527 2923 554 2978 in
580 2921 762 2980 Miscellaneis
784 2923 857 2979 med.
878 2921 957 2998 phys.
975 2919 1042 2980 Nat.
1055 2923 1163 2979 Curios.
1179 2923 1251 2981 Ger-

126 3025 213 3081 man,
233 3005 318 3082 Gall,
339 3004 412 3063 Dan.
436 3012 464 3062 et
485 3006 565 3082 Belg.
589 3007 704 3084 sparsim
728 3012 833 3068 extant.
876 3003 1030 3064 Amstelod.
1057 3003 1148 3068 1696.
1176 3002 1224 3065 12.

81 3092 218 3152 Laurent.
245 3110 310 3149 van
333 3090 398 3148 den
417 3090 534 3148 Buscb
556 3093 645 3149 oratio
667 3093 703 3149 de
722 3092 897 3149 incrementis
912 3093 1073 3162 medicinae,
1100 3111 1148 3149 seu
1170 3111 1252 3169 prae-

126 3176 215 3254 cipuis
236 3194 269 3233 ac
291 3175 444 3233 novissimis
464 3174 520 3249 huj.
538 3196 612 3235 saec.
624 3178 650 3234 in
663 3182 723 3234 arte
734 3177 841 3234 medica
852 3177 979 3233 inventis.
1011 3178 1105 3234 Brem.
1120 3170 1208 3234 1699.
1221 3172 1250 3241 4.

82 3263 168 3322 Bern.
200 3258 355 3318 Albinus
377 3261 466 3318 oratio
500 3262 536 3318 de
561 3261 735 3320 incrementis
757 3269 786 3319 et
811 3266 887 3318 statu
912 3261 979 3317 artis
1001 3261 1125 3318 medicae
1149 3261 1252 3320 saeculi

126 3347 227 3404 decimi
249 3345 367 3422 septimi.
410 3343 506 3421 Lngd.
531 3346 595 3404 Bat.
618 3341 711 3407 1711.
736 3340 766 3403 4.

83 3431 171 3493 Gubr.
193 3431 337 3507 Zagoni
363 3430 427 3493 diss,
457 3432 493 3488 de
514 3431 634 3488 inventis
655 3429 737 3504 hujus
766 3427 869 3486 saeculi
890 3428 918 3485 in
943 3432 1004 3485 arte
1026 3427 1140 3486 salutari
1160 3429 1250 3492 novis.

124 3514 221 3592 Lugd.
242 3516 305 3572 Bat.
335 3514 427 3593 (Traj.
450 3516 488 3572 ad
508 3515 611 3592 Rben.)
638 3508 729 3575 1764.
755 3508 784 3572 4.

81 3601 152 3660 Em.
174 3601 280 3664 Gottfr.
306 3599 509 3675 Baldinger
533 3620 630 3678 progr.
648 3600 684 3658 de
705 3599 747 3671 iis,
773 3616 847 3674 quae
863 3596 918 3655 hoc
931 3597 1043 3655 saeculo
1058 3598 1172 3656 invente
1186 3605 1252 3658 sunt

124 3688 153 3744 in
176 3691 238 3744 arte
259 3685 396 3744 medica.¹
426 3684 553 3761 Gotting.
581 3680 671 3746 1773.
693 3678 723 3742 4.
759 3716 803 3728 --
838 3681 926 3740 Redit
949 3685 979 3739 in
1003 3682 1102 3758 Ejusd.
1129 3683 1251 3762 Opuscc.

122 3772 200 3830 med.
244 3769 372 3843 Gotting.
397 3764 489 3831 1787.
1004 3830 1005 3833 ,

79 3856 127 3917 Jo.
152 3859 227 3931 Aug.
249 3855 318 3917 Phil.
342 3854 502 3913 Gessner
525 3855 570 3911 die
595 3854 819 3927 Entdeclrnngen
842 3852 892 3909 der
913 3857 1047 3910 neuesten
1072 3852 1138 3910 Zeit
1159 3852 1253 3911 iader

125 3938 407 4016 Amneigelahrlheit.
472 3938 648 4014 Nbrdlingen
671 3930 909 3999 1778-1788,
925 3931 954 3994 4.
973 3931 1083 3999 4Voll.
1127 3932 1251 4001 Nontit.

122 4026 193 4086 ibid.
220 4018 440 4085 1786-1789.
468 4020 497 4083 8.

81 4111 182 4188 Henry
193 4109 364 4186 Manning
373 4111 491 4167 modern
502 4110 717 4185 improvements
728 4108 756 4165 in
772 4108 820 4164 the
835 4106 955 4184 practice
967 4106 1000 4162 ot
1014 4105 1138 4182 physiclr.
1158 4103 1250 4162 Lond.

127 4191 221 4256 1780.
243 4191 273 4254 8.
296 4229 338 4238 -
369 4193 495 4252 German.
519 4200 584 4255 vert.
612 4193 645 4252 C.
661 4193 698 4250 H.
717 4193 841 4269 Spohr.
868 4185 1069 4268 Leipz.1786.
1093 4185 1155 4252 Μ
1175 4188 1250 4254 Part,

127 4276 289 4344 (Medicinae
308 4278 441 4345 practicae
459 4278 616 4328 incrementa
634 4274 728 4327 inde-a
746 4271 904 4326 Boerhauvii
922 4271 1103 4342 temporibus.)

82 4350 118 4416 E.
142 4350 274 4428 Theoph.
298 4349 478 4409 Guericke
503 4348 666 4422 allgemeine
694 4348 856 4404 historische
882 4347 940 4402 und
966 4343 1096 4402 lrritische
1117 4342 1252 4403 Betracb·

125 4442 236 4514 tungen
262 4436 333 4495 iiber
364 4437 410 4495 die
431 4433 626 4495 mediciniscbe
657 4431 799 4492 Literatnr
828 4449 942 4490 unseres
963 4427 1165 4487 Jahrhunderts
1193 4431 1252 4488 und

980 4524 1000 4586 5
