2874 4974
164 303 201 348 Ν

166 424 254 510 ptum
278 425 321 490 ait
353 427 386 491 et
415 421 489 512 qnid
514 421 618 493 adhuc
643 421 744 516 desit,
770 442 865 511 quam
889 424 1002 491 variae
1030 421 1165 512 denique
1189 423 1253 490 sint
1277 442 1333 490 res

167 554 210 623 ad
235 556 318 625 hanc
339 559 507 628 historiam
531 558 698 652 facientes,
723 558 807 627 hanc
831 560 981 650 putabam
1007 556 1079 628 lonc
1107 559 1206 647 hujus
1230 558 1333 627 libelli

166 693 232 759 vim
258 698 291 762 ct
319 716 423 764 usum.
472 695 540 766 Aut
565 698 648 765 enim
673 695 801 765 omnino
828 693 1055 786 dereliquenda
1080 699 1130 763 cst
1155 694 1332 764 medicinae

168 833 201 896 et
226 830 376 900 scientiae
400 835 556 902 naturalis
582 831 730 925 historia,
756 836 811 902 aut
829 832 1003 924 prudenter
1021 831 1198 901 haurienda
1220 829 1331 901 elon-

166 966 250 1034 tibus
271 971 362 1057 puris
388 972 421 1036 et
445 930 596 1061 copiosis.

269 1104 341 1173 Hac
367 1125 532 1176 excausa
562 1128 627 1177 non
653 1107 810 1178 delectum
837 1106 915 1177 dare
938 1107 1047 1198 volui,
1075 1104 1133 1174 sed
1160 1104 1263 1196 quoad
1299 1106 1334 1174 id

167 1237 238 1306 heri
262 1243 376 1334 potuit,
401 1243 528 1331 plenam
553 1243 766 1337 literaturam,
792 1242 905 1311 additis
931 1243 1087 1311 interdum
1103 1241 1233 1328 judiciis
1251 1260 1334 1311 cau-

167 1377 208 1442 tis
240 1380 273 1446 et
304 1381 500 1470 argumentis
528 1381 737 1450 brevissimis.
789 1380 909 1472 Omisi,
941 1382 1051 1470 paucis
1079 1379 1241 1469 exceptis,
1268 1379 1336 1446 Vi-

167 1515 217 1580 tas
243 1515 390 1606 singulas
422 1516 617 1587 medicorum
648 1519 851 1611 singulorum
883 1523 917 1587 et
946 1515 1164 1586 Bibliothecae
1196 1515 1336 1584 medicas

166 1651 321 1744 privatas,
348 1675 419 1723 cum
445 1657 502 1723 vix
527 1675 664 1746 unquam
689 1655 803 1745 aliquis
822 1653 904 1722 haec
922 1655 1018 1743 plene
1040 1673 1231 1723 enumerare
1250 1673 1334 1742 pos·

167 1793 219 1857 set
245 1789 335 1857 etin
358 1794 528 1885 majorem,
553 1812 647 1882 quarn
675 1813 737 1882 par
761 1799 825 1883 cst,
851 1791 933 1859 hber
964 1790 1083 1860 molem
1114 1788 1190 1858 inde
1222 1792 1333 1858 incre-

165 1925 280 1995 visset.

270 2063 315 2132 lit
340 2067 483 2154 quamvis
508 2066 610 2134 libros
633 2063 675 2134 de
699 2064 836 2134 historia
862 2062 1092 2154 epidemiarum
1117 2070 1275 2152 majorum
1302 2069 1335 2133 et

166 2201 352 2269 morborum
381 2203 582 2294 singulorum
607 2201 734 2293 plenius
759 2166 1033 2293 enumeraverim,
1066 2203 1202 2271 abstinui
1227 2209 1334 2272 tamen

168 2340 208 2406 ab
234 2336 410 2408 indicandis
436 2338 594 2427 eJusmodi
619 2339 722 2432 libris,
749 2341 802 2429 qui
830 2338 1003 2430 epidemias
1028 2341 1176 2430 singulas
1201 2339 1263 2408 hoc
1279 2338 1334 2407 vel

167 2477 225 2544 illo
253 2497 338 2544 anno
370 2481 539 2568 grassatos
572 2480 727 2569 tractam,
762 2476 856 2566 idque
889 2497 929 2546 eo
955 2476 1115 2544 lubentius
1145 2473 1226 2565 feci,
1261 2495 1333 2542 cum

167 2612 353 2704 Haeserus,
386 2610 561 2683 Professor
586 2612 758 2706 Jenensis,
791 2617 910 2705 optimo
937 2619 1006 2704 jam
1038 2611 1078 2681 de
1106 2610 1333 2702 epidemiarum

168 2749 273 2819 studio
308 2751 460 2841 meritus,
501 2750 766 2842 chronologicum
805 2750 1164 2844 epidemiographorum
1199 2745 1335 2816 indicem

167 2885 261 2977 prelo
286 2891 435 2977 paratum
458 2887 586 2957 habeat.

272 3021 427 3096 Ceterum
458 3023 540 3094 haec
572 3024 763 3094 bibliotheca
797 2994 1107 3096 medico-historica
1136 3044 1201 3093 non
1229 3022 1335 3092 solum

169 3161 358 3230 medicinam
388 3160 526 3230 hominis
557 3166 590 3230 ct
624 3163 807 3231 animalium
845 3163 1108 3254 domesticorum,
1149 3159 1208 3230 sed
1240 3160 1336 3227 simul

170 3320 296 3369 omnem
321 3319 430 3366 rerum
454 3298 648 3369 naturalium
674 3302 889 3392 cognitionem
919 3301 1149 3391 complectitur,
1174 3299 1220 3366 uti
1245 3296 1336 3388 phy-

170 3439 275 3526 sicen,
308 3436 484 3529 chemlam,
516 3439 778 3530 mineralogiam,
811 3438 996 3528 botanicen,
1024 3437 1228 3529 noologiam,
1255 3453 1337 3522 quae

170 3574 314 3660 quamvis
341 3574 373 3639 in
401 3577 472 3640 arto
496 3570 643 3641 facienda
667 3575 866 3664 singularem
886 3595 980 3643 usum
1005 3573 1128 3641 habere
1151 3590 1216 3640 non
1239 3569 1338 3638 vide·

171 3712 277 3801 antur,
305 3708 469 3777 amedica
493 3715 602 3779 tamen
627 3708 772 3780 doctrina
795 3715 941 3802 separari
972 3731 1075 3802 neque
1107 3709 1241 3801 debent,
1273 3727 1338 3775 ne-

171 3866 232 3935 que
257 3848 354 3915 etiam
376 3849 521 3936 possunt.

275 4016 464 4088 Scribeham
489 4016 651 4113 Dresdae,
678 4040 790 4089 mense
822 4021 919 4091 Junio
946 4016 1218 4092 mocccxnu.

1101 4286 1163 4370 In.
1188 4281 1283 4369 (lh.
