2874 4974
547 270 760 358 Medicamenta.
1180 271 1242 348 199

75 423 121 481 lo.
152 420 250 480 Heiur.
284 421 464 483 Dierbach
492 425 538 483 die
563 430 698 505 ncuesten
730 425 954 502 Entdeckungen
986 427 1014 484 in
1045 428 1094 485 der
1122 426 1240 486 Materia

120 508 236 566 medica.
278 506 338 565 Fiir
363 509 521 584 pralrtische
545 507 648 567 Aerzte
673 512 819 585 geordnet.
844 507 1100 587 2Abtheilungen.
1124 513 1239 571 Heidel-

121 593 191 667 berg
213 586 303 652 1897.
327 588 418 650 1898.
438 588 466 650 8.
484 627 526 637 -
543 593 642 653 Editio
656 595 743 653 altera
758 596 857 658 emend.
876 602 901 653 et
918 599 1014 653 contin.
1026 598 1093 658 ibid.
1107 592 1197 657 1837.
1210 593 1238 656 8.

122 674 193 740 (cn.
213 688 318 741 quoque
335 674 456 726 Auctoris
474 673 663 743 diligentissimi
680 675 786 729 notitias
804 676 925 730 collectas
944 678 976 728 de
994 676 1101 730 historie
1120 678 1238 748 pbarma·

123 741 241 810 cologiae
257 751 283 793 et
300 742 462 812 pharmaciae
476 745 573 797 veteris
589 753 615 796 et
630 745 815 797 recentiorisin
827 746 925 816 Geigcr
943 747 1074 816 Magazin
1083 752 1135 815 sair
1153 749 1239 800 Phor-

121 809 319 865 macie18’24s
340 853 345 864 .
364 815 414 867 vol.
435 813 485 864 Vll
503 832 552 882 sq,
571 815 597 865 in
616 815 738 866 Buchncr
764 815 905 882 Repertor.
925 819 975 881 fiir
999 817 1154 868 Pharmucr'e
1173 815 1240 870 1899

120 899 159 950 aq.
176 882 228 933 col.
247 830 347 960 ‘xxlll
368 899 415 949 sp,
435 881 460 934 in
480 883 620 950 Haselnnd
636 884 749 935 Journal
767 885 793 937 d.
806 884 894 937 Heilk.
915 883 978 936 1831
989 902 1026 952 ag.
1043 886 1095 940 ccl.
1115 885 1239 940 LXXIII.

118 968 158 1019 sq.
177 958 204 1002 et
221 948 297 1013 alrbi3
316 949 395 1001 multa
413 951 489 1018 hujus
507 952 609 1019 generis
627 951 707 1004 babet
730 969 835 1022 quoque
861 953 944 1021 ejusd.
967 954 1093 1021 Synopsr's
1109 957 1241 1008 materiae

117 1020 241 1073 medicae.
277 1017 396 1074 Heidelb.
416 1019 483 1074 1841
498 1037 537 1090 aq.
556 1020 596 1086 8.)

341 1199 395 1270 e.
461 1173 974 1287 Medicamenta.

75 1365 143 1426 Chr.
176 1363 274 1442 Steph.
307 1363 468 1422 Scheffel
499 1384 595 1442 progr.
627 1365 663 1424 de
688 1366 798 1423 diversa
818 1365 896 1443 praxi
917 1364 1041 1436 medica,
1068 1383 1103 1422 ex
1130 1366 1239 1424 diverso

117 1449 217 1507 medici
251 1454 485 1526 temperamento,
521 1451 641 1526 hincque
673 1452 756 1508 variis
785 1451 924 1509 variorum
950 1449 1137 1508 remediorum
1165 1450 1240 1513 satis.

118 1534 325 1611 Gryphiswaldi
348 1529 437 1596 1748.
458 1530 489 1597 4.
720 1543 724 1554 ¹

74 1653 117 1662 -
128 1638 272 1697 —progr
284 1620 321 1676 de
332 1620 395 1676 fatis
406 1620 669 1678 medicamentorum
680 1619 880 1680 roborantium.
894 1616 1099 1694 Gryphiswaldi
1112 1612 1240 1681 17454.

74 1737 118 1748 -
135 1738 174 1748 -
191 1723 288 1782 progr.
311 1705 346 1761 de
368 1704 433 1762 fatis
454 1706 717 1762 medicamentorum
744 1704 772 1761 in
794 1723 913 1779 genere,
938 1709 967 1761 et
989 1703 1017 1761 in
1039 1703 1131 1780 specie
1152 1705 1242 1761 vomi-

117 1790 262 1860 toriorum,
286 1790 475 1865 purgantium,
497 1789 685 1867 lapidosorum
708 1795 737 1847 et
758 1789 932 1860 martialium,
955 1808 989 1846 ex
1010 1789 1157 1866 supposita
1177 1788 1240 1845 illo-

118 1894 180 1932 rum
200 1875 228 1930 vi
250 1874 387 1934 absoluta.
425 1874 630 1951 Gryphiswaldi
654 1868 747 1933 1747.
772 1870 801 1932 4.

74 1993 118 2005 -
141 1991 184 2002 -
201 1959 266 2016 diss.
298 1960 335 2016 de
360 1959 424 2015 fatis
455 1961 720 2018 medicamentorum
742 1959 927 2034 chymicorum
949 1958 1065 2016 sinistris
1088 1959 1241 2018 3111111113-

118 2045 186 2103 dicis
207 2043 314 2100 illorum
339 2043 475 2101 laudibus.
498 2044 519 2102 l.
541 2044 575 2102 ll.
610 2044 818 2122 Gryphiswaldi
841 2037 932 2106 1753.
955 2039 984 2100 4.

74 2127 149 2190 Dan.
175 2129 260 2190 Wilh.
288 2128 425 2186 Triller
451 2129 611 2187 exercitatio
634 2131 670 2187 de
693 2128 840 2205 clysterum
867 2128 1048 2186 nutrientium
1075 2129 1243 2203 antiquitate

117 2225 146 2273 et
166 2233 227 2276 usu.
259 2213 351 2271 Viteb.
375 2208 464 2273 1750.
489 2209 519 2271 4.
545 2247 584 2258 -
606 2213 694 2272 Redit
704 2217 735 2272 in
757 2213 856 2288 Ejusd.
880 2213 1001 2290 Opuscc.
1029 2211 1125 2270 Voll.
1149 2208 1242 2273 1766.

73 2320 179 2443 Aulion.
200 2382 367 2458 Deusing
387 2385 424 2441 de
441 2402 543 2442 manna
567 2389 596 2441 et
617 2382 756 2440 saccharo.
780 2375 1141 2457 Groning.1659.12.-
1156 2379 1244 2439 Redit

116 2473 147 2527 in
178 2468 285 2530 Fascic.
327 2467 456 2526 Dissertt.
489 2469 556 2528 ibid.
591 2463 681 2526 1660.
718 2463 764 2525 19.
806 2479 978 2546 (saccharum
995 2483 1111 2532 veterum
1129 2486 1156 2531 et
1172 2479 1241 2533 Ara·

118 2552 177 2603 burn
195 2559 223 2602 et
240 2550 336 2602 siccum
356 2559 383 2602 et
400 2549 521 2619 liquidum
540 2567 557 2600 a
574 2556 663 2601 nostro
682 2548 805 2614 differr03
824 2548 884 2601 vido
902 2563 983 2617 supra
1006 2565 1067 2617 pag.
1091 2547 1150 2613 108,
1169 2547 1241 2613 109.)

77 2624 178 2682 Claud.
201 2623 396 2680 Salmasius
425 2623 550 2697 (Claude
572 2623 729 2702 Saumaise)
758 2624 794 2679 de
826 2622 957 2679 saccharo
984 2627 1013 2679 et
1037 2639 1139 2679 manna
1165 2640 1241 2678 com-

117 2709 275 2768 mentarius.
318 2707 405 2769 Paris.
429 2703 519 2765 1663·
542 2703 571 2765 8·
608 2721 676 2784 (Cir.
703 2721 735 2772 de
759 2736 851 2772 manna
874 2717 1000 2788 quaedem
1031 2725 1138 2770 auctora
1164 2717 1239 2770 Dier-

117 2789 229 2842 bachin
250 2790 347 2858 Geigcr
366 2789 498 2858 Magazin
509 2793 533 2856 f.
554 2789 711 2841 Phnrmacie
730 2788 805 2845 1896.
825 2789 901 2841 Febr.
917 2806 945 2857 p.
963 2787 1018 2856 97.)

72 2863 162 2923 Marc.
184 2861 300 2922 Stauisl.
327 2861 386 2919 Jos.
412 2860 582 2937 Liidgers
613 2863 679 2922 diss.
699 2864 792 2938 inaug.
818 2863 855 2918 de
883 2862 1085 2918 medicamento
1112 2860 1240 2918 novanti·

116 2966 173 3023 quo
205 2945 330 3003 Arabum
360 2947 516 3005 Tebaschir
541 2949 625 3005 dicto.
672 2948 801 3023 Gotting.
826 2941 916 3006 1791.
942 2942 972 3008 8.
1002 2951 1178 3018 (Saccharum
1207 2967 1240 3002 ex

118 3028 251 3082 hrundino
269 3028 400 3095 Bambus.)

74 3102 159 3180 Casp.
181 3101 319 3158 Bauhin
342 3103 378 3158 de
405 3101 505 3178 lapidis
530 3100 633 3159 bezoar
661 3099 811 3159 Orientalis
838 3108 867 3159 et
896 3099 1083 3159 Occidentalis
1109 3100 1240 3158 conveni·

115 3187 190 3246 entia
216 3186 317 3243 cervini
346 3186 411 3243 item
439 3192 467 3242 et
496 3183 652 3243 Germanici
675 3194 754 3261 ortu,
781 3189 897 3257 natura,
930 3185 1093 3243 differentiis
1117 3204 1240 3260 veroque

115 3291 167 3330 usu
193 3290 226 3328 ex
248 3276 373 3328 veterum
394 3277 422 3328 et
435 3271 619 3328 recentiorum
639 3270 756 3348 placitis.
790 3265 1043 3342 Basu,1613.8.;
1063 3265 1238 3330 1111111695.

115 3351 233 3432 (1699.)
256 3351 285 3414 8.
311 3358 445 3429 (Copiosa
467 3358 591 3411 collectio
618 3367 647 3412 et
667 3360 703 3413 ad
726 3358 867 3412 historiam
888 3360 966 3426 hujus
981 3358 1162 3410 medicaminis
1185 3359 1239 3409 uti·
1359 3423 1360 3426 Ἴ

70 3438 401 3586 1011811819Κ111ρ3111
419 3508 460 3566 de>
480 3507 625 3566 effectibus
648 3508 704 3586 opii
730 3506 856 3565 analecta
878 3507 1017 3566 historica.
1045 3505 1121 3565 Diss.
1143 3507 1237 3583 inaug.

71 3588 410 3741 Ε11113111ῗ8411138113
432 3678 488 3756 opii
510 3679 598 3736 abusu
623 3683 682 3735 tam
702 3682 830 3756 respectu
851 3677 952 3734 veteris
970 3695 1054 3752 quam
1071 3694 1162 3734 novae
1179 3695 1239 3734 mc-

116 3765 241 3858 dicorum
263 3762 414 3820 doctrinae.
459 3762 549 3827 Viteb.
573 3758 665 3822 1804.
690 3758 720 3822 8.
761 3766 856 3835 (Circa
878 3767 935 3836 opii
957 3783 1032 3819 usum
1056 3766 1085 3818 in
1106 3766 1240 3819 medicina

73 3845 497 3993 Calimtlldillmlbnghannss
525 3917 562 3974 de
588 3919 654 3996 opio
679 3917 805 3976 analecta
831 3917 971 3993 quaedam
1001 3915 1146 3994 historica,
1172 3917 1238 3980 diss.

114 4004 208 4078 inaug.
252 4001 329 4081 Lips.
356 3995 447 4062 1815.
469 3995 498 4058 4.

73 4088 165 4167 Chph.
188 4087 277 4149 Andr.
302 4087 474 4145 Christen
503 4087 597 4164 opium
625 4086 770 4161 historice,
798 4085 918 4145 chemice
944 4090 973 4142 et
1001 4085 1241 4164 pharmacologice

113 4174 319 4248 investigatum.
353 4171 428 4231 Diss.
449 4171 544 4248 inaug.
571 4171 657 4231 Pesth
681 4166 770 4230 1819.
796 4165 824 4229 8.
852 4205 895 4214 -
924 4166 993 4228 Nou.
1016 4173 1059 4229 tit.
1090 4171 1240 4250 Commen-

114 4260 185 4317 tatio
213 4266 265 4316 etc.
287 4258 410 4316 Vindob.
433 4251 525 4314 1890.
545 4251 576 4314 8.

72 4345 137 4407 Car.
159 4344 219 4401 Jos.
241 4343 348 4402 Stehr
374 4344 411 4401 de
434 4342 547 4401 mutatis
570 4361 621 4422 per
648 4358 729 4400 usum
750 4340 859 4400 corticis
881 4339 1025 4419 petaviani
1046 4339 1241 4417 systematibus

114 4430 238 4489 medicis.
281 4428 346 4487 Hal.
369 4423 459 4488 1799.
481 4424 510 4488 4.
