2874 4974
192 288 255 356 208
662 295 802 357 Medicina
827 297 947 377 publica.

236 449 520 528 Rettungsanstalten
548 449 595 508 srir
619 449 657 507 im
690 450 805 511 Wasser
828 451 1029 528 vernnglirclcte
1061 451 1222 512 Menschen.
1260 451 1316 512 hfit
1341 450 1363 513 6

236 538 337 616 Kupff.
359 536 506 612 Hamburg
518 530 608 595 1794.
621 531 649 598 8.
666 569 705 578 -
728 536 821 595 Dritte
838 536 973 613 Auflage‚
1001 538 1051 596 mit
1072 539 1160 596 einem
1185 537 1361 615 Nachtrage‚

236 625 356 684 welcher
383 624 428 679 die
456 623 509 678 seit
538 615 620 679 1794
644 616 821 696 getroffcnen
848 642 940 680 neuen
965 623 1188 700 Einrichtungen
1217 626 1278 683 und
1307 625 1363 683 Er·

236 712 426 782 weitcrnngen
451 707 502 765 der
527 703 640 765 Austalt
659 707 775 767 enthiilt.
818 705 1081 783 Hambnrg1828.
1107 703 1137 768 8.

192 860 239 958 f.
296 856 723 956 Medicorum
738 863 916 980 juro
959 852 1029 955 et
1053 862 1362 958 honores.

530 1061 617 1128 aa.
673 1045 1018 1131 Generatim.

194 1187 302 1264 Wolsg.
339 1185 459 1244 Satler
481 1186 517 1242 de
540 1185 603 1260 jure
638 1191 667 1243 et
698 1185 848 1263 privilegiis
878 1188 1058 1251 medicorum.
1104 1187 1189 1250 Basil.
1212 1182 1306 1246 1610.
1332 1182 1362 1245 4.

235 1273 322 1331 Redit
342 1276 372 1329 in
394 1271 526 1328 Genathii
555 1271 662 1329 collect.
685 1272 801 1350 dispuit.
842 1273 996 1332 Basileensi
1018 1268 1102 1332 1618
1127 1272 1197 1335 Dec.
1219 1273 1287 1345 lll.;
1311 1274 1364 1330 ite·

235 1377 293 1416 mm
327 1356 411 1418 Basil.
436 1350 578 1417 16604.

193 1443 301 1519 Wolfg.
338 1441 454 1500 Fadlo
489 1442 525 1498 de
551 1441 614 1516 jure
639 1447 668 1499 et
699 1441 850 1518 privilegiis
874 1444 1054 1507 medicorum.
1101 1442 1186 1505 Basil.
1209 1436 1304 1505 1618.
1331 1437 1362 1502 4.

235 1527 322 1587 Redit
332 1530 362 1586 in
372 1526 503 1584 Genathii
516 1527 623 1587 collect.
640 1528 756 1604 disputt.
777 1528 860 1586 Basil.
886 1529 971 1590 Basil.
987 1523 1070 1588 1618
1081 1547 1122 1604 sq.
1135 1530 1155 1591 f.
1170 1527 1287 1586 Decade
1312 1526 1362 1589 111.

192 1612 294 1672 Melch.
321 1612 481 1671 Goldast
505 1613 669 1688 paradoxon
695 1614 732 1670 ‹le
763 1613 871 1672 honore
900 1615 1069 1672 medicorum
1095 1616 1132 1672 ad
1165 1614 1261 1671 Herm.
1284 1613 1364 1671 Con-

235 1700 309 1775 ring‚
330 1700 358 1756 in
384 1717 440 1772 quo
464 1703 644 1774 praeceptum
670 1697 738 1755 Jesu
763 1697 796 1755 F.
818 1700 916 1757 Sirach
938 1699 1100 1777 explicatur.
1129 1699 1260 1756 Francos.
1284 1719 1309 1759 a.
1321 1697 1363 1757 M.

236 1779 329 1846 1620.
351 1779 380 1840 4·
400 1795 450 1860 (Ad
468 1794 552 1846 locum
569 1793 753 1848 Ecclesiastici
772 1813 795 1851 c.
814 1794 849 1848 38
867 1797 944 1849 multa
963 1796 1088 1850 historica
1105 1796 1250 1849 afferuntur
1269 1798 1303 1849 de
1317 1799 1363 1866 ju-

237 1865 309 1919 ribus
327 1874 355 1916 et
372 1863 512 1915 honoribus
531 1864 695 1931 medicorum,
715 1864 747 1917 de
764 1879 860 1929 rostro,
880 1866 912 1917 de
929 1866 1045 1934 collegiis
1063 1867 1219 1919 medicorum
1237 1868 1303 1922 010.)

193 1937 239 2000 70,
262 1937 361 2015 Steph.
388 1937 676 2012 Strobelberger
702 1939 739 1996 de
759 1939 908 2017 privilegiis
930 1941 1109 2000 medicorum.
1131 1938 1211 2015 Lips.
1224 1935 1317 2004 1627.
1330 1936 1362 2002 4.

194 2020 285 2080 Nicol.
308 2023 483 2079 Hobokcn
506 2022 595 2079 oratio
619 2024 655 2080 de
677 2024 847 2082 medicorum
868 2024 1024 2084 nobilitate.
1067 2024 1191 2100 Trajecti
1211 2027 1249 2083 ad
1269 2025 1363 2089 Rhen.

236 2102 326 2168 1670.
353 2102 580 2186 (1675.1683.)
601 2102 632 2166 4.

192 2192 238 2252 10.
269 2191 362 2250 Adam
389 2193 584 2251 Hofsteter
615 2194 651 2251 de
678 2211 786 2251 summa
813 2195 983 2252 medicorum
1011 2194 1094 2270 hujus
1129 2201 1159 2254 et
1186 2194 1363 2272 superiorum

236 2284 393 2356 temporum
412 2279 579 2337 auctoritate
605 2284 634 2336 et
663 2277 825 2338 excellentia
849 2299 865 2337 e
886 2280 949 2355 jure
971 2285 999 2338 et
1020 2280 1136 2338 historia
1157 2280 1362 2338 demonstrata.

233 2363 298 2422 Hal.
321 2359 411 2426 1703.
437 2358 466 2421 4.

192 2449 303 2507 Sachs
327 2450 363 2507 de
384 2448 477 2506 officio
500 2452 528 2506 et
549 2448 612 2523 jure
640 2448 821 2507 medicorum.
855 2444 972 2524 Argent.
995 2443 1086 2508 1706.
1108 2444 1137 2507 4.

192 2534 280 2593 Henr.
307 2533 439 2611 Lampe
461 2534 528 2593 diss.
551 2535 647 2592 histor.
671 2534 790 2609 juridica
815 2533 851 2590 de
877 2534 997 2610 honore,
1024 2534 1174 2612 privilegiis
1200 2537 1229 2593 et
1249 2534 1362 2610 juribus

235 2620 422 2695 singularibus
443 2620 622 2683 medicorum.
646 2619 784 2694 Groning.
808 2613 901 2680 1736.
918 2615 948 2683 4.
971 2624 1111 2693 (Auctoris
1132 2623 1195 2676 leti
1215 2640 1281 2695 opus
1308 2624 1361 2676 do-

234 2708 303 2754 ctum
321 2710 349 2754 et
369 2700 523 2770 copiosum.)

191 2773 230 2837 Η.
262 2775 289 2832 J.
316 2776 358 2832 de
381 2775 568 2831 Schoenau
587 2771 664 2846 justa
695 2771 839 2831 Themidis
866 2775 1019 2852 sententia,
1046 2774 1201 2833 medicinae
1226 2772 1363 2832 Ductori-

234 2860 286 2916 bus
312 2878 381 2937 prae
402 2858 548 2916 causidicis
578 2876 627 2915 seu
652 2858 795 2915 advocatis
823 2864 981 2934 competere
1010 2860 1235 2937 praerogativam
1266 2859 1362 2935 digni-

232 2944 300 3002 tatis
323 2951 351 3001 et
369 2944 415 3019 jus
441 2942 662 3020 praecedentiae.
698 2942 828 3005 Francos.
852 2944 889 3001 ad
910 2943 1004 3004 Moen.
1033 2939 1178 3007 175114.
1204 2957 1276 3024 (cfr.
1295 2959 1361 3014 Ant.

237 3025 309 3080 Guil.
332 3027 414 3078 Pluz
432 3024 693 3089 demedicirrucupru
703 3025 943 3092 jurisprudentium
954 3026 1129 3081 aestimanda.
1148 3025 1223 3097 Lips.
1234 3025 1361 3092 17824.)

191 3097 225 3160 C.
248 3097 283 3156 F.
306 3098 430 3157 Walch
456 3099 492 3154 de
512 3095 661 3173 privilegiis
688 3098 858 3156 medicorum
880 3099 1047 3157 creditorum
1067 3100 1096 3156 in
1118 3117 1267 3163 concursu.
1297 3098 1360 3162 Jen.

234 3177 325 3246 1774.
349 3178 378 3241 4.
408 3185 484 3253 (leti
508 3185 686 3255 opusculum.)

189 3266 256 3330 Ant.
281 3268 355 3326 Guil.
379 3267 464 3325 Plaz
486 3267 523 3324 de
541 3267 649 3342 juribus
674 3266 843 3325 medicorum
865 3287 961 3345 progr.
1002 3264 1081 3345 Lips.
1108 3263 1254 3330 17764.

189 3354 235 3416 10.
252 3354 327 3414 Petr.
355 3353 379 3411 F
388 3354 474 3412 rank
490 3353 527 3410 de
550 3353 615 3411 civis
637 3352 736 3410 medici
761 3352 789 3409 in
811 3353 952 3431 republica
974 3354 1134 3412 conditione
1155 3359 1243 3430 atque
1261 3354 1360 3413 officiis

231 3441 349 3515 exlege
370 3440 518 3517 praecipue
539 3438 632 3496 erutis.
658 3436 749 3497 Ticini
775 3432 866 3497 1785.
888 3434 920 3498 4.
1079 3444 1081 3451 “

190 3524 255 3583 Car.
281 3525 402 3582 Godosr.
426 3524 468 3582 de
491 3523 654 3581 Winklcr
682 3542 779 3600 progr.
808 3523 845 3581 de
873 3524 970 3581 favore
996 3523 1167 3581 medicorum
1186 3522 1251 3596 jure
1272 3522 1360 3582 veteri

217 3629 267 3667 ac
290 3609 436 3667 hodierno.
461 3607 538 3685 Lips.
562 3603 655 3670 1786.
676 3604 697 3665 4
721 3640 765 3651 -
791 3606 917 3666 German.
946 3626 1013 3670 vers.
1041 3611 1071 3665 in
1096 3609 1202 3666 Schert’
1226 3609 1361 3684 Beitrhge

232 3713 297 3752 zum
322 3691 426 3752 Archiv
447 3694 497 3750 der
519 3694 590 3750 med.
616 3692 721 3750 Polizei
735 3714 762 3751 n.
776 3692 1064 3751 Volksarzneilrunde.
1088 3689 1116 3752 3.
1129 3694 1183 3751 Β(1.
1207 3691 1235 3751 1.
1248 3695 1360 3753 Samm-

231 3780 301 3854 lung
327 3781 357 3842 S.
388 3773 584 3837 110—129.
611 3782 684 3850 (lCti
705 3781 786 3835 docta
807 3782 1016 3851 commentatio.)

191 3863 266 3925 Guil.
290 3864 445 3938 Wagner
467 3863 503 3921 de
529 3863 699 3921 medicorum
719 3863 828 3938 juribus
846 3871 933 3939 atque
954 3863 1053 3922 officiis
1073 3867 1221 3922 tractatus.
1254 3860 1357 3921 Parsl.

232 3947 395 4022 Disquisitio
422 3949 552 4006 historica
577 3949 613 4007 de
640 3949 810 4007 medicorum
835 3951 912 4027 apud
942 3949 1065 4007 diversas
1092 3952 1192 4023 gentes
1212 3952 1290 4006 statu
1316 3954 1360 4007 at·

233 4053 289 4111 que
311 4033 478 4092 conditione.
515 4033 607 4092 Berol.
633 4029 723 4093 1819.
744 4030 773 4093 4.
800 4039 989 4103 (continuatio
1010 4055 1064 4090 non
1083 4036 1210 4107 prodiit.)

189 4120 248 4184 Jac.
271 4118 495 4178 Thomasius
522 4119 559 4175 de
587 4119 721 4177 facultate
752 4120 860 4178 medica
887 4128 1024 4196 quatenus
1051 4119 1176 4194 gratiosa
1200 4124 1255 4180 est.
1285 4117 1359 4177 Dies.

230 4205 382 4284 posthuma
414 4222 480 4261 cura
515 4203 598 4261 Mich.
624 4203 775 4264 Alberti.
831 4204 1011 4281 Schneeberg
1043 4198 1137 4266 1733.
1172 4198 1297 4284 (1734.)
1330 4199 1359 4267 4.

188 4287 342 4422 10113011
353 4284 469 4417 1161114110
492 4358 608 4434 disquis.
634 4377 683 4418 cur
705 4359 776 4417 ordo
801 4360 972 4419 medicorum
994 4359 1134 4436 gratiosus
1155 4359 1275 4424 dicatur,
1300 4355 1358 4417 Lu·

231 4444 290 4504 bec
312 4439 406 4505 1741.
432 4441 462 4508 4.
