2874 4974
203 303 266 367 194
666 301 720 362 Ars
741 302 909 363 obstetricia.

207 459 273 520 Chr.
288 457 322 520 F.
342 455 374 515 Α.
389 456 494 517 Beiss
518 455 680 515 recherches
701 456 869 532 historiques
896 474 945 514 sur
966 455 993 515 le
1015 455 1127 534 forceps
1153 459 1184 514 et
1209 454 1370 515 considera·

248 545 323 601 tions
347 562 394 600 sur
417 548 462 600 cet
483 543 656 605 instrument.
699 542 872 616 Strasbourg
896 535 989 600 1805.
1013 535 1042 603 4.

208 629 233 687 J.
247 628 331 687 Risi
348 628 420 685 essai
438 628 591 702 historique
606 633 634 684 et
649 627 765 702 critique
781 647 831 684 sur
846 627 873 684 le
888 627 1008 704 forceps.
1050 624 1225 699 Strasbourg
1235 617 1330 683 1818.
1340 617 1370 684 4.

207 712 282 774 Guil.
304 713 382 771 Frid.
407 714 500 770 Baur
521 712 636 770 historia
657 713 794 790 forcipum
815 711 1036 770 obstetriciarum
1063 709 1266 786 recentissima,
1295 728 1370 766 com-

248 805 333 859 ment.
359 799 453 873 inaug.
478 797 614 872 Morburg
635 792 725 857 1803.
747 793 778 858 8.
817 792 923 854 Cum2
959 797 1030 854 tubb.
1065 816 1125 856 aen.
1163 807 1326 877 (Descriptio
1344 813 1370 860 et

248 882 308 933 icon
327 878 454 950 lorcipum
472 895 538 947 quas
555 879 764 931 commendarunt
782 878 923 942 Osiander‚
934 876 1051 942 liciam,
1067 877 1159 943 Stark,
1174 876 1269 945 Busoh,
1283 877 1369 929 Brin-

249 949 418 1017 ninghausen,
437 948 485 1003 sd.
503 948 547 1001 El.
562 947 595 1000 de
613 948 728 1015 Siehold,
747 947 890 1000 Theuanoe
907 953 935 998 et
952 946 1109 1013 Mursinna.)

206 1021 305 1082 Joach.
328 1019 475 1097 Lunsingh
493 1020 648 1097 Kymmel
679 1023 780 1099 (praes.
801 1021 877 1084 Petr.
899 1020 1040 1079 Hofstede
1063 1021 1099 1077 de
1120 1016 1227 1099 Groot)
1256 1019 1370 1078 historia

248 1106 383 1165 litteraria
407 1112 435 1163 et
461 1107 554 1163 critica
578 1107 714 1184 forcipum
740 1106 959 1164 obstetriciarum
988 1104 1024 1162 ab
1049 1123 1123 1162 anno
1146 1099 1231 1166 1794
1257 1107 1297 1163 ad
1318 1124 1368 1163 no-

250 1199 310 1250 stra
330 1209 419 1265 usque
443 1195 577 1270 tempora.
621 1190 696 1251 Diss.
723 1191 818 1266 inaug.
846 1191 918 1248 Cum
943 1189 1022 1247 tabb.
1051 1189 1189 1266 Groning.
1221 1185 1315 1249 1838.
1340 1184 1367 1253 8.

207 1277 252 1335 Jo.
277 1276 341 1333 Car.
364 1275 500 1333 Gehler
528 1295 625 1355 progr.
654 1278 691 1335 de
719 1277 832 1353 forcipis
863 1275 1073 1334 Johnsonianae
1102 1293 1171 1354 prae
1201 1273 1368 1333 Levretiana

249 1367 279 1420 et
308 1359 457 1418 Smelliana
475 1361 654 1438 praestantia.
697 1359 774 1438 Lips.
800 1355 891 1421 1790.
918 1355 947 1418 8.

208 1448 273 1509 Car.
293 1446 441 1506 Wenzel
462 1446 632 1524 comparatio
644 1447 714 1505 inter
725 1445 845 1524 forcipes
865 1444 1071 1518 Levretianam‚
1091 1442 1280 1520 Smelliauam‚
1295 1440 1368 1502 Lea-

249 1532 374 1590 ckianam
399 1536 428 1589 et
448 1531 677 1590 Johnsonianam.
701 1530 831 1607 Mogunt.
851 1525 942 1590 1791.
959 1526 988 1589 4.
1012 1534 1213 1601 (herretianam
1224 1532 1367 1602 praefert.)

204 1611 330 1676 Floreat.
348 1615 460 1677 Comel.
481 1615 565 1674 Kist
582 1617 696 1675 historia
710 1617 804 1674 critica
824 1615 1064 1694 pelvimensorum.
1088 1612 1184 1691 Lugd.
1199 1615 1264 1672 Bat.
1278 1608 1366 1672 1818.

206 1702 278 1760 Geo.
300 1701 388 1758 Henr.
415 1699 630 1776 Laugsdors
651 1701 743 1760 brevis
772 1700 887 1759 historia
914 1701 1154 1778 phantasmatum,
1185 1700 1245 1757 sive
1268 1699 1368 1758 machi-

247 1805 346 1845 narum
371 1785 409 1842 ad
433 1786 500 1843 artis
521 1786 696 1845 obstetriciae
716 1787 842 1844 exercitia
864 1786 1032 1845 facientium.
1064 1785 1138 1846 Diss.
1166 1785 1264 1861 inaug.
1298 1784 1369 1841 Got-

247 1873 318 1945 ting.
341 1861 433 1930 1797.
453 1864 482 1926 4.

268 2078 328 2177 g.
383 2051 823 2174 operationes
864 2051 1307 2153 ohstetrtctue.

477 2224 528 2309 1.
580 2222 764 2310 Scotto
806 2244 1095 2311 caesarea.

202 2379 374 2457 Petr.Casp.
398 2379 550 2439 Roemer
571 2381 637 2439 diss.
660 2383 696 2439 de
719 2381 818 2452 causis,
843 2399 931 2456 qnare
958 2381 1043 2439 sectio
1070 2399 1200 2439 caesarea
1220 2379 1366 2438 recentiori

243 2471 371 2542 tempore
398 2465 525 2523 instituta
548 2466 659 2540 fausto,
689 2485 773 2542 quem
802 2465 867 2524 olim
894 2465 1007 2542 habuit,
1033 2471 1136 2525 eventu
1159 2470 1191 2524 ut
1218 2464 1365 2544 plurimum

243 2555 344 2608 careat.
387 2545 644 2627 Duisburg1786.
668 2546 699 2612 4.

200 2632 245 2697 Jo.
271 2634 349 2692 Frid.
370 2631 565 2694 Nettmann
593 2637 732 2716 specimen
762 2635 861 2693 sistens
887 2637 1015 2694 sectionis
1041 2653 1186 2694 caesareae
1212 2633 1365 2692 historiam.

241 2719 308 2779 Hal.
330 2714 422 2778 1805.
446 2715 475 2782 8.
500 2725 592 2791 (Aust.
618 2726 696 2776 Curt.
718 2723 877 2793 Spreugel.)

200 2803 314 2880 (David)
342 2804 523 2864 Mansseld
550 2807 620 2864 iiber
639 2807 690 2864 das
707 2803 786 2862 Alter
803 2807 854 2863 des
872 2805 982 2863 Bauch-
994 2806 1052 2863 und
1064 2801 1366 2863 Gebirmutterschnit-

241 2895 343 2946 tesan
366 2886 528 2947 Lebenden.
578 2891 632 2949 Ein
659 2891 774 2966 Beitrag
806 2910 857 2949 zur
885 2890 1050 2948 Geschichte
1078 2891 1128 2946 der
1154 2887 1363 2947 Geburtshrilfe.

241 2973 459 3050 Braunschweig
481 2971 572 3036 1824.
595 2970 624 3033 8.
646 3007 689 3018 -
709 2974 767 3038 Ed.
783 2982 877 3034 auctu:
900 2976 966 3034 ibid.
992 2969 1081 3033 1825.
1102 2969 1131 3033 8.
1165 2985 1224 3051 (Ex
1242 2985 1364 3039 talmudi·

242 3053 281 3106 cis
299 3056 452 3122 praesertim
472 3056 626 3121 ostenditur,
645 3056 711 3108 hanc
729 3056 904 3127 operationem
923 3055 1065 3124 antiquitus
1081 3055 1134 3122 jam
1153 3071 1212 3108 esse
1224 3055 1364 3124 cognitam,

241 3129 314 3175 certe
337 3140 400 3175 vero
426 3131 542 3193 ternpore
565 3125 651 3178 Rabbi
674 3125 756 3178 Musis
780 3125 945 3178 Maimonidis
962 3142 1031 3178 saec.
1050 3131 1111 3193 post
1128 3123 1192 3177 Chr.
1210 3123 1291 3191 XH.;
1313 3125 1362 3177 cir.

199 3193 202 3199 '
241 3207 346 3262 quoque
364 3192 453 3246 Fulda
470 3194 496 3245 in
515 3194 622 3246 Siebold
639 3193 746 3246 Journal
764 3197 808 3247 fur
821 3194 1008 3247 Gebnrtshrilte
1025 3192 1051 3248 6.
1068 3193 1116 3247 Bd.
1137 3193 1257 3256 lHeft.)

196 3263 540 3410 Ιετὶὸδέγῦὃᾱνὶᾱεοὴη
562 3267 677 3326 historia
697 3269 827 3326 sectionis
849 3286 1002 3326 caesareae.
1032 3267 1211 3342 Regiomont.
1237 3265 1364 3326 Prussor.

198 3433 253 3496 Jul.
275 3435 505 3493 Rosenbaum
531 3441 615 3515 (resp.
634 3437 745 3496 Ludor.
766 3433 918 3511 Krahmer)
940 3435 1067 3494 analecta
1088 3434 1227 3511 quaedam
1256 3435 1295 3494 ad
1322 3454 1364 3493 se-

241 3520 341 3576 ctionis
372 3540 517 3579 caesareae
546 3524 736 3598 antiquitates.
790 3521 910 3598 Adjecta
936 3528 979 3579 est
1005 3519 1103 3579 tabula
1128 3519 1184 3597 lap.
1206 3520 1263 3583 inc.
1298 3519 1362 3582 Hal.

242 3598 336 3664 1830.
361 3600 391 3663 8·
414 3619 573 3684 (Sectionem
589 3637 735 3674 caesaream
755 3621 788 3672 ab
807 3618 944 3689 Aegyptiis
962 3619 996 3671 ad
1008 3617 1122 3670 Judaeos
1138 3617 1301 3686 parvenisse,
1311 3617 1363 3670 Ae-

241 3684 349 3804 fiyptios
368 3702 432 3738 vero
451 3705 507 3739 eam
525 3689 646 3741 didicisse
664 3690 690 3741 in
708 3690 862 3742 cadaverum
881 3687 1032 3751 conditura3
1051 3686 1141 3739 tabula
1159 3686 1279 3740 desumto
1296 3695 1364 3740 ests

267 3763 348 3806 ucret.
367 3755 408 3806 erl.
427 3754 511 3808 Nardi
533 3759 587 3813 tab.
608 3761 624 3810 5
642 3758 731 3827 fig.2‚
755 3758 836 3811 habet
858 3757 932 3811 binos
955 3757 1067 3824 juvenes
1090 3754 1206 3809 cadaver
1226 3757 1256 3809 in
1280 3772 1365 3810 mensa

241 3822 353 3890 positum
371 3823 459 3876 cultris
478 3826 651 3896 aperientes.)

200 3889 234 3950 L.
255 3893 289 3954 F.
311 3895 517 3958 Reinhardt
539 3900 588 3959 der
609 3899 813 3958 Kaiserschnitt
834 3917 870 3957 an
890 3897 1014 3958 Todteu.
1036 3897 1108 3955 Eine
1124 3894 1365 3970 gehriintel’reis·

242 3976 440 4056 Ahhandlnng.
480 3983 572 4043 Nebst
605 3987 681 4045 einer
705 3986 833 4045 Vorrede
864 4002 920 4042 von
952 3979 1042 4059 Leop.
1080 3982 1191 4039 Socrat.
1219 3981 1364 4044 Rieclse.

241 4063 366 4139 Tiibing.
391 4060 481 4124 1829.
505 4064 533 4126 8.

198 4148 254 4224 (Jo.
278 4148 352 4229 Pet.)
380 4150 409 4208 H
417 4170 541 4228 eyman
574 4154 619 4211 die
647 4153 832 4229 Entbindung
866 4152 986 4211 lebloser
1012 4150 1203 4224 Schwangorn
1231 4148 1284 4207 mit
1310 4150 1366 4208 Be-

242 4234 364 4311 siehung
384 4237 437 4294 auf
456 4239 501 4295 die
521 4235 582 4294 Lex
607 4239 703 4316 Regia.
736 4234 822 4296 Mitti
837 4237 930 4296 Tabb.
942 4238 970 4295 in
984 4234 1046 4292 Fol.
1069 4235 1195 4294 Coblenz
1220 4228 1317 4295 1832.
1336 4230 1365 4293 8.

244 4317 314 4379 (Μ’
331 4312 436 4386 milla*
455 4319 548 4371 Mulier
565 4336 634 4387 4⁰⁸0
651 4337 796 4390 Praegnans
814 4328 960 4372 mortuone
978 4316 1097 4369 humator
1114 4323 1256 4386 antequam
1275 4323 1365 4385 partu,

242 4385 440 4521 gtgssldfltur,
463 4389 524 4458 quei
546 4405 621 4442 secus
646 4390 714 4442 laxit
735 4390 792 4460 spei
818 4389 955 4441 animantis
973 4400 1030 4440 cum
1049 4384 1161 4454 gravida
1179 4385 1288 4439 occisae
1305 4401 1365 4438 reus
