2874 4974
523 272 643 335 Scholae
666 279 696 334 et
720 274 834 354 oppida.
1220 272 1263 339 79

135 427 199 483 (iar.
218 426 279 480 Gla.
296 424 406 480 Heina
423 425 456 478 de
475 425 661 479 Alexandrina
680 426 773 479 schola
795 432 821 478 et
837 425 983 479 medicinae
1003 425 1031 479 in
1049 427 1141 482 eadem
1163 445 1262 482 samma

127 499 200 565 flore
217 495 244 548 in
263 495 363 564 Opusc.
383 495 457 549 acad.
472 494 494 549 1.
515 493 584 560 109.)

89 571 155 631 Car.
178 569 244 632 Glo.
265 569 373 626 Kirhn
394 567 505 625 scholae
520 567 644 625 medicae
663 564 866 625 Alexandrinae
887 567 1003 626 historia
1025 588 1119 646 progr.
1136 568 1157 634 l.
1182 568 1262 648 Lips.

133 649 227 716 1832.
246 647 284 733 4.
307 687 350 698 -
370 651 457 711 Redit
480 656 510 711 ic
532 652 629 728 Ejusd.
653 652 774 731 Opuscc.
796 654 875 716 acad.
899 653 962 712 Vol.
984 652 1019 711 ll.
1042 675 1071 735 p.
1083 651 1261 716 298-305.

525 803 561 858 2.
601 804 826 860 Salernum.
943 839 944 842 κ

88 909 197 974 Antan.
218 909 347 969 Mazza
367 909 443 968 urbis
469 908 661 967 Salernitauae
685 908 800 966 historia
823 918 850 966 et
882 908 1076 984 antiquitates,
1106 910 1134 967 in
1161 911 1262 987 quibus

133 998 234 1074 origo,
257 996 343 1068 situs,
366 996 497 1067 ubertas,
519 994 690 1072 respublica,
715 996 861 1072 primatuS,
884 996 1024 1071 nobilitas,
1046 995 1194 1073 principes,
1216 1016 1262 1055 ec-

133 1080 250 1157 clesiae,
283 1081 418 1158 episcopi,
441 1080 648 1157 archiepiscopi,
672 1078 792 1137 illustres
818 1081 901 1150 cives,
931 1081 1071 1153 studium,
1102 1081 1263 1159 Hippocra-

132 1167 219 1226 tlcum
241 1166 388 1242 collegium
410 1172 463 1227 etc.
486 1164 681 1223 dilucidantur.
725 1162 847 1242 Neapoli
872 1159 963 1229 1681.
989 1161 1019 1228 4.
1046 1200 1088 1210 —
1115 1165 1263 1229 Recessim

134 1251 260 1309 Graev.
277 1257 312 1308 et
328 1252 445 1313 Burm.
458 1250 529 1312 thes.
542 1250 669 1324 antiquit.
683 1253 712 1307 et
722 1249 857 1312 historiar.
870 1249 974 1309 ltaliae.
987 1253 1070 1314 Tom.
1081 1251 1261 1317 IX.ParsIV.

135 1332 261 1414 (Doctum
279 1349 354 1402 opus,
373 1332 490 1401 quamvis
508 1349 576 1401 quae
593 1331 748 1383 medicorum
766 1338 827 1384 sunt
844 1331 994 1385 accuratius
1018 1340 1046 1386 et
1069 1333 1169 1402 plenius
1192 1333 1262 1387 tradi

132 1403 299 1472 potumi)
526 1471 562 1524 3.
597 1470 827 1526 Patavium.

90 1577 206 1636 Statuta
226 1576 423 1635 Universitatis
451 1572 619 1634 Artistarum
646 1581 674 1634 et
697 1575 870 1634 Medicorum
895 1575 1022 1634 Patavini
1045 1576 1191 1654 Gymnasii
1211 1579 1262 1637 de-

133 1682 192 1720 nuo
218 1665 352 1722 correcta.
400 1660 497 1724 Patav.
526 1657 615 1724 1570.
637 1654 667 1724 4.

90 1746 194 1808 Frane.
217 1746 384 1804 Bosellus
414 1747 583 1805 amaltheam
615 1742 921 1806 medico-historicum.
966 1741 1092 1804 Accessit
1122 1747 1262 1823 geminum

134 1830 326 1891 corollarium:
355 1831 483 1890 Encomii
511 1833 540 1891 in
562 1829 649 1893 Acad.
680 1829 816 1887 Patavina
837 1831 990 1889 medicinae
1013 1833 1204 1909 professorum
1225 1833 1262 1892 ab

133 1935 211 1976 anno
237 1912 317 1976 1631
346 1923 375 1975 et
406 1917 501 1994 Elogii
529 1916 640 1996 publica
664 1916 692 1973 in
721 1915 887 1973 bibliotheca
913 1916 1015 1973 ibidem
1045 1917 1159 1976 heroum
1182 1919 1261 1997 depi-

84 2039 93 2058 .
135 2011 254 2063 crorum.
296 2002 395 2064 Patav.
419 1997 510 2064 1668.
533 1998 563 2065 4.
594 2004 754 2074 (Generalis
781 2005 903 2057 continet
931 2006 965 2058 de
994 2007 1084 2059 studio
1114 2017 1142 2059 et
1170 2007 1261 2061 cilicio

135 2082 230 2136 medici
248 2093 404 2152 praecepta,
428 2085 476 2137 sub
500 2084 576 2136 finem
594 2083 683 2152 aliqua
701 2082 735 2135 ad
759 2081 891 2135 historiam
909 2082 988 2135 studii
1006 2084 1098 2136 medici
1116 2084 1261 2153 Patavini.)

92 2156 187 2215 Carol.
215 2155 323 2214 Patin
351 2157 459 2233 lyaeum
485 2156 649 2214 Patavinum
672 2173 693 2212 s.
720 2156 813 2213 icones
850 2162 879 2213 et
899 2157 972 2214 vitae
993 2158 1182 2235 professorum
1207 2159 1262 2217 Pa-

134 2240 204 2300 tavii
229 2235 312 2300 1682
339 2241 450 2320 publice
478 2243 646 2300 docentium.
680 2240 749 2298 Pars
774 2240 795 2303 l.
826 2240 989 2316 theologos,
1022 2242 1205 2320 philosophos
1233 2249 1263 2301 et

134 2326 259 2386 medicos
287 2326 482 2404 complectens.
525 2327 623 2385 Patav.
646 2319 738 2387 1682.
764 2320 794 2387 4,
827 2325 899 2383 Cum
921 2321 962 2384 33
985 2326 1054 2402 figg.
1076 2329 1178 2390 aeneis.
1202 2333 1262 2402 (Nil

136 2407 247 2476 amplius
264 2407 383 2477 prodiit.)
906 2457 908 2462 .

91 2479 160 2541 Chr.
183 2480 304 2541 Godoir.
335 2480 476 2538 Gruner
496 2481 555 2537 iura
580 2484 609 2538 et
630 2479 774 2556 privilegia
796 2479 1095 2538 doctoris.mediciuae
1110 2480 1263 2559 diplomate

135 2565 274 2623 Patauino
309 2585 440 2642 expressa
470 2572 498 2623 et
527 2565 670 2623 illustrata.
715 2564 776 2623 len.
806 2558 896 2626 1793.
918 2561 947 2626 8.
981 2569 1119 2639 (Diploma
1140 2571 1261 2624 doctoris

135 2646 255 2698 Paduaui
273 2647 305 2701 de
323 2647 365 2700 die
383 2646 425 2702 28.
444 2647 590 2717 septembr.
612 2645 678 2700 1696
697 2663 753 2698 cum
772 2645 982 2713 commentario.)

91 2714 184 2780 Andr.
207 2719 432 2797 Comparetti
454 2720 554 2796 saggio
584 2719 656 2778 della
678 2719 773 2778 seuola
795 2719 891 2776 clinica
911 2719 986 2777 uello
1005 2717 1120 2799 spedale
1153 2719 1181 2777 di
1207 2718 1263 2778 Pa-

136 2804 221 2866 dova.
264 2804 381 2863 Padova
403 2800 493 2868 1792.
516 2799 546 2866 8.

93 2887 176 2952 Gius.
209 2889 447 2948 Montesanto
481 2889 545 2948 dell’
577 2889 682 2966 origine
715 2887 789 2946 della
817 2887 913 2946 clinica
941 2889 1049 2946 medica
1079 2888 1107 2946 in
1135 2887 1262 2963 Padova,

135 2975 269 3033 memorie
291 2975 529 3034 storico-critiche.
582 2974 699 3032 Padova
725 2968 817 3033 1827.
837 2968 866 3031 8.
890 2979 992 3046 (lama
1017 2979 1061 3031 Jo.
1081 2979 1164 3048 Bapt.
1184 2978 1263 3032 Mon-

135 3061 209 3125 tano,
223 3057 243 3124 †
256 3056 332 3123 1551,
350 3055 527 3111 institutiones
545 3054 650 3109 clinicae
664 3054 692 3107 in
712 3055 859 3109 nosocomio
872 3055 1024 3110 Patavieusi
1043 3054 1146 3110 habitas
1160 3055 1263 3124 tuisse.)

542 3195 580 3248 4.
615 3195 815 3250 Bononia.
922 3177 924 3180 ¹

93 3297 200 3357 Bartol.
227 3295 413 3358 Albertini
441 3299 570 3375 catalogo
599 3299 628 3356 di
650 3300 716 3357 tutti
737 3300 746 3356 i
770 3300 876 3358 dottori
899 3299 944 3357 del
963 3298 1079 3374 collegio
1093 3297 1262 3374 Bolognese.
1290 3324 1292 3328 ·

136 3384 192 3442 Ed.
214 3384 260 3442 Jo.
287 3385 369 3464 Bapt.
392 3385 565 3446 Cavazza.
604 3379 901 3459 Bologna1664.4.
929 3389 1009 3456 (Post
1033 3396 1146 3439 mortem
1170 3394 1263 3440 aucto-

139 3465 177 3517 ris
196 3465 280 3517 edidit
298 3466 341 3532 (2,
360 3465 405 3534 qui
429 3465 497 3518 sicut
520 3476 613 3518 auctor
637 3465 747 3533 collegio
775 3465 932 3518 Bononiensi
950 3470 1008 3517 erat
1025 3481 1042 3518 a
1057 3463 1169 3531 litteris;
1194 3463 1263 3518 inci-

139 3534 178 3604 pit
195 3535 330 3602 catalogus
348 3536 381 3587 ab
399 3552 467 3588 anuo
485 3534 573 3602 1156.)

93 3605 140 3668 Jo.
165 3609 249 3684 Bapt.
275 3608 422 3666 Bianchi
448 3609 537 3668 oratio
559 3609 595 3666 de
616 3600 775 3664 academiae
796 3606 982 3664 Bononiensis
1005 3605 1181 3681 antiquitate,
1204 3607 1263 3683 ejus

137 3694 330 3769 professorum
352 3692 512 3752 excellentia
535 3697 564 3751 et
584 3693 669 3750 studii
692 3693 791 3750 medici
813 3693 840 3749 in
870 3692 916 3748 illa
938 3692 1023 3755 cultu.
1068 3691 1167 3750 Colon.
1186 3691 1264 3750 Allo-

137 3778 214 3852 brog
245 3777 377 3855 (Gener.)
401 3773 491 3839 1721.
513 3773 543 3839 4.
571 3809 610 3821 -
642 3777 765 3853 Ejusd.
800 3778 837 3835 dc
864 3778 967 3835 meritis
996 3778 1214 3836 Bononiensium
1235 3779 1264 3838 in

137 3862 304 3920 medicinam
326 3863 427 3924 oratio.
471 3863 577 3920 Genev.
605 3857 695 3925 1723.
710 3857 739 3924 4.

93 3945 155 4009 Jos.
178 3947 264 4009 Ferd.
288 3947 501 4006 Guilelmini
527 3948 563 4005 de
584 3947 663 4005 claris
688 3947 835 4005 Bononiae
852 3946 1022 4006 anatomicis.
1044 3947 1155 4012 Bonan.
1171 3942 1264 4010 1735.

136 4026 167 4094 c.
190 4026 297 4102 (1755.
321 4034 353 4110 f.)

572 4163 608 4220 ὅ.
642 4165 784 4221 Rasna.

94 4269 228 4349 Prosper.
250 4270 458 4330 Mandosius
483 4277 631 4350 θεατρον,
661 4271 689 4328 in
718 4289 774 4346 qno
802 4270 982 4329 maximorum
1009 4267 1159 4329 Christiani
1188 4266 1263 4326 orbis

135 4355 307 4415 Pontificum
328 4357 480 4416 archiatros
502 4357 672 4434 spectandos
698 4356 817 4415 exhibet.
861 4356 944 4417 Rom.
968 4350 1059 4416 1696.
1080 4351 1109 4412 4.
1136 4385 1178 4395 -
1203 4350 1262 4412 Re-

137 4460 191 4506 (ιω.
215 4459 272 4500 com
309 4441 391 4506 Geel.
424 4440 534 4502 Marini
564 4460 641 4519 opere
672 4441 768 4500 similis
800 4443 952 4517 argumenti
982 4440 1065 4502 Rom.
1098 4432 1191 4502 1784.
1230 4433 1261 4502 4.
