2874 4974
606 301 764 359 Anatomia.
933 381 940 397 .
1206 295 1269 360 145

94 455 169 518 Geo.
197 451 338 513 Franck
366 452 416 512 111.
444 450 680 513 Franckenau
707 452 781 511 bona
813 471 888 511 nova
914 454 1088 528 anatomica,
1117 453 1144 513 b.
1169 474 1195 519 e.
1216 475 1269 517 uo-

139 541 225 681 viter0
235 540 349 681 inperita
369 557 421 618 per
442 537 660 596 anatomicorum
687 542 844 597 accuratam
866 538 1049 615 diligentiam.
1070 540 1268 624 ,Heidelberg

94 619 335 771 Lolllssllarles
358 707 556 766 descouvertes
573 724 621 764 sur
635 708 730 764 tontes
747 706 787 764 les
798 707 902 784 parties
916 707 1081 786 principales
1092 708 1129 768 de
1139 708 1270 770 l'bomme

140 795 226 854 etde
247 793 275 851 la
296 792 407 853 femme.
450 789 534 867 Lyon
556 785 648 853 1680.
672 786 720 849 12.
746 791 816 849 Voll.
845 791 894 854 1v.
922 826 964 837 -
982 793 1114 867 *Ejusd
1136 793 1176 852 les
1198 815 1270 854 nou-

139 878 224 938 velles
253 879 451 936 descouvertes
479 895 528 932 sur
553 875 593 932 les
621 876 724 952 parties
753 878 921 936 renfermees
947 876 1017 935 dans
1044 877 1070 937 le
1092 878 1142 935 bas
1163 886 1271 942 ventre.

138 962 223 1040 Lyon
244 957 336 1020 1682·
360 956 409 1023 12.
432 972 557 1039 (Graafii,
575 971 736 1039 Kedrringii,
754 973 813 1027 Van
831 975 948 1040 Hoorue,
966 974 1093 1044 Vesliugii
1110 975 1271 1048 aliorumque

141 1043 335 1114 disquisitiones
353 1041 379 1094 in
398 1041 575 1112 compendium
593 1041 736 1108 redactae.)

94 1116 355 1261 Lappogoperg
385 1114 452 1177 diss.
482 1115 580 1174 sistens
606 1114 721 1172 inventa
749 1115 905 1172 anatomica
931 1115 1127 1176 recentiorum.
1169 1119 1270 1198 Upsal.

97 1287 200 1364 Raynr.
227 1284 426 1345 Vieusseos
452 1301 528 1343 nova
547 1283 688 1361 quaedam
708 1282 736 1339 iu
762 1291 880 1360 corpore
903 1283 1027 1343 humano
1054 1286 1167 1346 inventa
1193 1289 1272 1348 exbi-

141 1372 220 1447 bens,
241 1371 278 1428 ad
300 1367 336 1429 D.
359 1367 521 1444 Sylvestre.
554 1366 732 1444 Montpelli'er
754 1361 847 1428 1703.
869 1362 898 1425 4.
943 1360 1021 1447 Lips.
1045 1365 1139 1434 1704.
1173 1379 1273 1446 (Multa

141 1451 169 1504 in
188 1470 210 1504 c.
228 1451 253 1507 lt.
273 1447 417 1503 consistere
435 1468 450 1501 e
467 1466 592 1502 vasorum
609 1447 861 1515 munificationibus.)

96 1523 184 1587 Laut.
206 1523 360 1582 Heister
381 1541 477 1599 progr.
506 1523 543 1580 de
562 1522 681 1580 inventis
709 1528 784 1581 anat.
810 1521 893 1595 hujus
911 1521 1023 1581 saeculi.
1056 1521 1272 1595 Wolffenbiittel

142 1602 235 1668 1718.
261 1603 292 1671 8.
313 1639 355 1649 -
382 1605 505 1680 Ejusd.
528 1607 618 1663 oratio
640 1606 676 1662 de
696 1605 871 1663 incrementis
893 1608 1050 1683 anatomiae
1077 1609 1106 1664 in
1134 1608 1189 1668 hoc
1208 1630 1274 1670 sae·

141 1693 203 1754 culo
229 1691 332 1752 XVlll.
381 1690 595 1749 Wolffenbiittel
618 1684 752 1752 1720.8.
776 1695 857 1761 (Boni
877 1693 985 1763 libelli.)

96 1777 172 1839 Petr.
194 1775 415 1837 Lucbtmans
445 1776 481 1834 de
509 1775 672 1833 anatomicis
700 1775 802 1833 saeculi
830 1774 935 1836 XVlll.
959 1776 1144 1840 incrementis.
1176 1777 1273 1856 Lngd.

140 1865 204 1925 Bat.
231 1856 322 1922 1740.
340 1859 386 1933 4.3
411 1860 559 1935 Ultrajecti
575 1854 669 1922 1760.

97 1949 182 2010 Giris.
221 1946 442 2006 Trasmondi
475 1945 587 2003 intorno
619 1944 647 2001 la
673 1943 858 2020 scopertadi
887 1944 944 2001 due
973 1944 1051 2002 nervi
1086 1944 1149 2005 dell'
1177 1947 1273 2007 occhio

97 2081 103 2086 .
141 2051 254 2094 nmano.
279 2031 371 2089 Roma
383 2024 475 2092 1823.
487 2025 518 2088 8.
536 2063 574 2074 -
585 2027 683 2085 Elium
693 2031 723 2084 ia
744 2027 878 2085 Giornale
889 2029 1027 2086 Arcadico
1039 2029 1123 2092 Tom.
1137 2027 1185 2091 19.
1198 2032 1230 2094 P.
1244 2031 1272 2093 1.

98 2117 242 2191 (Gaetano
266 2115 422 2190 Flajani)
449 2112 647 2193 Osservazioni
668 2112 962 2171 elorico-anatomicbe
992 2114 1104 2172 intorno
1132 2117 1188 2175 alla
1209 2138 1274 2196 pre·

142 2208 205 2261 sesa
232 2207 360 2277 scoperta
388 2200 417 2257 di
450 2219 488 2257 un
517 2198 640 2257 musculo
668 2216 684 2256 e
713 2197 742 2253 di
770 2198 827 2255 due
856 2199 933 2257 nervi
954 2198 1018 2256 nell’
1042 2200 1138 2258 occhio
1161 2221 1272 2262 umano.

97 2347 101 2355 ,
142 2288 236 2346 Roma
260 2280 353 2348 1823.
375 2279 406 2342 8.

98 2372 181 2434 Gius.
204 2368 423 2429 Trasmondi
444 2369 568 2445 risposta
594 2365 621 2423 al
646 2364 722 2424 Prof.
750 2365 787 2429 G.
816 2364 924 2438 Flajani
952 2365 1064 2424 intorno
1091 2365 1119 2425 la
1145 2377 1275 2448 scoperta

141 2456 188 2514 del
213 2454 338 2514 muscolo
367 2453 510 2511 d'Horncr
539 2471 555 2510 e
578 2452 615 2509 de
642 2451 698 2508 due
728 2449 814 2507 uuovi
840 2450 918 2508 nervi
946 2450 1011 2508 dell'
1038 2449 1134 2510 occhio
1161 2474 1272 2520 umano.

142 2540 237 2599 Roma
258 2533 349 2597 1823.
375 2533 404 2596 8.
438 2548 507 2614 (Hos
526 2565 619 2601 nervos
637 2555 665 2600 et
681 2547 749 2598 huuc
768 2546 908 2599 musculum
925 2563 975 2600 nou
994 2548 1028 2601 ab
1045 2549 1166 2603 Hornero
1185 2553 1273 2607 Phila·

143 2619 299 2690 delphiensi,
314 2618 361 2671 sed
379 2635 395 2670 a
414 2617 573 2685 Duverneyo
593 2625 621 2669 et
637 2616 833 2669 Rosenmbllero
852 2616 935 2670 tuisse
953 2617 1072 2671 detectos
1091 2618 1196 2688 Flajani
1209 2639 1273 2676 cou-
1399 2683 1402 2689 ι

143 2689 244 2754 tendit3
263 2686 421 2740 Trusmondi
438 2704 501 2740 vero
520 2694 620 2755 pugnat
638 2702 685 2755 pro
704 2685 844 2752 Homero.)

98 2761 235 2822 Monod
261 2766 374 2838 compte
401 2761 492 2817 rendu
519 2758 569 2817 des
601 2765 718 2817 travaux
746 2758 783 2815 de
813 2757 840 2815 la
870 2757 976 2818 socie'te
997 2760 1177 2838 anatomique
1202 2783 1274 2843 peu·

145 2848 217 2905 dant
237 2844 347 2904 l’annee
372 2839 464 2902 1829.
488 2842 565 2900 Paris
589 2837 681 2906 1829.
704 2837 732 2900 8.
841 2895 848 2905 ,
1100 2872 1106 2881 -

99 2930 231 2993 Burkard
253 2929 341 2987 Eble
362 2928 488 2988 Versuch
509 2924 829 3007 einer'pragmatischen
859 2925 1027 2986 Geschichte
1049 2929 1099 2988 der
1124 2927 1274 2994 Anatomie

102 3069 105 3073 ,
143 3018 203 3076 und
225 3012 404 3092 Physiologie
424 3032 490 3071 vom
514 2997 855 3072 Jaure1800-1825.
885 3011 968 3073 Wieu
992 3008 1083 3072 1836.
1105 3009 1135 3079 8.
1159 3022 1272 3092 (Copio.

144 3113 202 3152 sum
220 3113 287 3168 opus
305 3101 333 3148 et
350 3093 490 3163 diligenter
506 3093 691 3165 compositum
709 3092 745 3148 Ε.
763 3092 782 3158 †
801 3089 889 3161 1839.)
1076 3110 1085 3130 ι
1220 3127 1221 3130 ,

224 3290 279 3364 e.
336 3264 665 3364 maome
701 3263 1150 3384 conuocatos

528 3399 846 3520 monulus.

100 3586 253 3669 T(bom.).
273 3587 392 3667 X(av.).
413 3590 568 3651 Bianchi
593 3590 686 3649 notice
706 3608 754 3648 sur
775 3588 802 3648 le
823 3586 942 3666 premier
957 3606 1082 3665 ouvrage
1103 3590 1273 3653 d’aoatomie

144 3681 177 3733 et
195 3676 232 3734 de
253 3677 396 3734 medecina
416 3677 543 3754 imprime
567 3695 603 3735 eu
629 3682 700 3747 turc,
727 3675 744 3732 a
769 3670 1178 3750 Constantinopleen1820,
1207 3678 1272 3736 ioti-

143 3759 204 3819 tulet
227 3760 346 3835 „Miroir
372 3761 422 3819 des
453 3781 535 3839 corps
564 3761 635 3819 dans
659 3759 820 3819 l’anatomie
846 3759 883 3817 de
909 3758 1072 3822 l'homme.“
1114 3760 1208 3820 Snivie
1233 3765 1272 3822 ‹lu

144 3843 293 3920 catalogue
314 3845 364 3903 des
384 3845 467 3919 liv-res
490 3852 580 3922 turos,
601 3845 700 3904 arabes
723 3850 752 3903 et
770 3862 895 3922 persons,
924 3843 1064 3919 imprimes
1093 3845 1110 3902 a
1131 3845 1273 3907 Constan-

143 3929 252 4006 tinople
275 3930 375 4007 depuis
398 3929 607 3988 l'introduction
630 3931 666 3987 de
686 3928 870 4007 l’imprimerie
891 3945 926 3984 en
948 3922 1158 3990 1726-1727
1176 3931 1273 4008 jusqu’

143 4032 179 4072 en
201 4007 294 4072 1820.
331 4014 408 4072 Paris
432 4009 523 4073 1821.
545 4009 575 4073 8.
617 4012 682 4071 clim
702 4008 724 4070 4
749 4014 819 4070 11100.
841 4012 895 4088 lap.
920 4014 1000 4074 inser.
1036 4026 1123 4096 (Opus
1144 4030 1272 4082 anatomi-

144 4111 202 4147 cum
220 4093 253 4147 ‹la
268 4111 319 4163 quo
338 4096 426 4163 agitur
449 4095 622 4166 conscriptum
639 4101 680 4146 est
703 4110 718 4144 e
733 4093 847 4145 lontibus
864 4092 1015 4162 plerumque
1034 4095 1237 4149 occidentalibus
1255 4116 1272 4152 a

146 4162 270 4216 Sohaui
288 4162 402 4216 Zadeh
420 4163 624 4217 Mebemmed
641 4164 706 4215 Ata
725 4161 865 4227 Oullah,
883 4160 1053 4230 300paginas
1067 4165 1220 4217 continetet
1237 4166 1272 4221 56

142 4231 247 4285 tabulas
265 4232 441 4298 anatomicam
459 4231 567 4285 Parisiis
585 4239 737 4285 asservatur
754 4231 895 4297 exemplum
912 4229 975 4281 illud
990 4233 1058 4299 quod
1073 4232 1189 4300 alegate
1203 4235 1270 4287 Gal-

144 4300 227 4353 lorum
248 4301 319 4370 apud
337 4301 441 4354 Turcns
457 4301 632 4354 bibliothecae
650 4299 791 4351 Purisiensi
810 4301 931 4351 donatum
950 4308 990 4350 est
1017 4311 1045 4351 et
1067 4317 1099 4352 ex
1124 4319 1175 4368 quo
1193 4320 1271 4371 prae-

104 4396 108 4402 ·
140 4370 207 4424 fatto
224 4375 293 4422 turc.
314 4368 407 4437 gallice
422 4371 560 4423 exhibetur
571 4387 627 4424 cum
639 4369 716 4423 icona
728 4368 881 4434 anatomica,
900 4366 1070 4420 musculorum
1083 4370 1160 4423 faciei
1171 4370 1272 4428 scilicet

139 4444 169 4493 et
184 4438 357 4495 amaenitatis
374 4439 536 4510 superioris.)
