2874 4974
185 313 246 379 100
580 311 720 373 Medicina
746 313 774 372 in
798 311 972 389 theologicis.
1046 313 1056 320 “

190 474 250 534 Ρι1.
272 471 365 530 Beer
386 465 485 527 Leben
504 467 563 527 und
588 467 702 526 Wirheu
725 468 775 526 des
803 466 896 526 Rabbi
919 465 1014 526 Moses
1034 465 1097 525 Ben
1116 463 1252 527 Maimon.
1283 460 1359 540 Prag

233 552 325 617 1864.
349 550 379 616 8.
404 557 686 626 (Clr.B1icherkunde
700 557 720 608 l.
736 557 763 609 d.
780 557 866 610 iltere
880 556 993 624 Medic,
1004 558 1031 612 0.
1044 555 1114 609 tuh.
1131 556 1162 607 8.
1173 552 1250 621 378.)

192 643 277 702 Elies.
299 640 401 699 Lazar.
427 638 515 713 Sinaj.
549 637 783 696 Kirschbaum
818 637 997 696 Maimonidis
1027 636 1143 713 medici,
1182 634 1231 709 qui
1263 632 1357 692 seculo

232 727 354 786 florebat
374 723 447 799 Xll,
472 723 610 800 specimen
633 724 818 781 diaeteticum.
871 722 964 784 Berol.
989 717 1081 785 1800.
1106 717 1136 781 8.
1159 722 1273 792 (Latine
1296 738 1359 775 rer-

234 809 274 862 sio
291 806 439 875 regularum
456 804 650 857 diaeteticaruru
668 820 701 856 ex
718 821 798 874 opere
815 802 853 858 M.
871 803 1039 872 theologico.)

385 1061 466 1158 ιι.
525 1059 871 1157 meumes
906 1059 1163 1157 atarseo.

549 1282 599 1353 a.
652 1264 997 1353 Generatim.

191 1443 237 1506 Jo.
263 1439 352 1498 Hem.
376 1458 432 1497 ιοιι
454 1438 586 1498 Seelen
618 1441 655 1499 de
690 1440 862 1499 medicorum
894 1440 1000 1498 meritis
1027 1439 1057 1497 in
1078 1440 1156 1496 Sacr.
1184 1436 1358 1515 scripturam

233 1524 353 1583 diatriba
379 1523 478 1583 histor.
503 1525 561 1585 crit.
604 1523 712 1583 Lubec.
734 1519 826 1583 1719.
851 1520 881 1586 4.
908 1559 951 1569 -
976 1523 1063 1582 Redit
1082 1527 1113 1582 1ιι
1135 1522 1234 1598 Ejusd.
1267 1519 1358 1578 Medi-

233 1617 296 1669 tart.
323 1615 444 1684 exegett.
475 1609 505 1666 P.
529 1609 563 1666 11.
593 1614 766 1682 (Theologus
794 1616 881 1666 refert
906 1615 941 1666 de
965 1613 1073 1666 LXXX
1096 1612 1218 1679 medicis,
1233 1609 1280 1680 qui
1295 1627 1357 1663 exe-

235 1691 309 1761 gesin
328 1690 448 1743 biblicam
465 1688 570 1757 scriptis
588 1690 767 1755 illustrarunt.)

192 1765 229 1828 G.
248 1762 419 1822 Lizelius
445 1763 481 1819 de
507 1763 598 1838 poetis
624 1764 737 1822 medicis
761 1780 856 1821 sacrae
883 1763 1038 1842 scripturae
1063 1761 1262 1840 interpretibus
1283 1778 1358 1818 com-

233 1847 397 1993 mentatio*
421 1846 521 1925 Spirae
544 1841 634 1906 1743.
672 1853 725 1918 (De
750 1852 861 1953 predicis
886 1853 941 1905 illia
966 1852 1013 1922 qui
1048 1852 1153 1905 cantica
1182 1867 1262 1905 sacra
1289 1867 1359 1903 com·

235 1944 361 1999 posuerim

191 2004 291 2063 Franc.
314 1999 436 2057 Valles
461 1998 616 2079 (Valesius)
643 2001 721 2060 de
704 2020 754 2076 ns,
782 2020 855 2078 quae
883 2001 998 2081 physice
1019 2001 1121 2079 scripta
1145 2001 1240 2059 sunt
1232 2020 1261 2060 ιιι
1283 1998 1359 2058 libris

233 2085 366 2144 sacries.
399 2085 436 2143 de
460 2103 538 2144 sacra
570 2085 755 2164 philosophia.
809 2085 885 2162 Aug.
917 2087 1032 2149 Tauriu.
1069 2078 1161 2148 1587.
1190 2081 1231 2158 8.,
1264 2083 1358 2160 Lugd.

234 2165 379 2241 1588..,8
402 2168 534 2231 Francos.
554 2166 644 2229 1590.
663 2166 704 2245 8.,
726 2170 791 2247 Lug
792 2172 819 2233 d.
833 2166 976 2247 1590..,8
1001 2165 1358 2247 11).15958,1ἰιιιιιο1.

234 2248 449 2325 1600.8.,11.
476 2250 569 2316 1608.
596 2191 1304 2331 8,,1.ι1ςι1.1600.8.,11.1006.8.11).16.50
1327 2249 1357 2312 8.

234 2343 322 2417 (quae
340 2297 427 2399 editio
448 2346 527 2398 sexta
545 2341 667 2414 dicitur),
680 2341 718 2400 11).
732 2335 864 2400 1667.
879 2340 1061 2398 —Eds'tioni
1066 2359 1173 2418 primae
1182 2339 1358 2416 lotgduoenn

233 2420 316 2485 1588
327 2444 383 2488 occ.
406 2422 494 2482 Levia
506 2424 630 2484 Lemni
640 2445 679 2485 us
702 2427 739 2484 de
749 2425 852 2504 plantis
869 2427 964 2502 sacris,
979 2425 1049 2504 quod
1063 2421 1155 2501 1569,
1167 2431 1196 2484 et
1211 2425 1357 2482 Ruaeus

233 2511 271 2569 da
295 2509 412 2586 gemmis
424 2509 585 2604 apocalyps
587 2530 651 2584 eos,
675 2511 744 2589 quod
772 2504 852 2572 1547
880 2511 1033 2588 ριιάιᾞιιαί
1072 2465 1167 2582 (Varis
1196 2513 1231 2566 ad
1257 2513 1357 2566 biblio-

233 2608 290 2646 rum
307 2589 507 2673 explicationem
525 2610 570 2643 cs
558 2592 668 2645 scientia
686 2592 799 2644 naturali
817 2599 843 2644 et
861 2592 960 2644 medica
979 2589 1064 2644 vide'
1057 2608 1083 2643 ιιι
1108 2592 1215 2660 Sylloge
1236 2591 1358 2660 disputo-

233 2662 335 2714 tiosmm
352 2661 517 2711 solertiorem
534 2661 571 2713 ad
587 2661 752 2713 illustrando
784 2661 812 2712 V.
836 2667 863 2711 et
889 2661 925 2716 N.
950 2662 980 2716 Τ.
1003 2660 1090 2714 ioca
1079 2678 1108 2712 ιιι
1130 2661 1276 2713 Germania
1297 2676 1358 2712 coa·

231 2730 400 2797 scripturum.
423 2729 497 2780 Tomi
516 2730 555 2785 11.
591 2728 734 2783 Amstelod.
753 2727 829 2784 1701.
848 2728 924 2785 1702.
943 2730 975 2797 1.)

189 2800 267 2860 Paul.
292 2800 456 2858 Walther
477 2804 606 2881 synopsis
627 2803 758 2880 physicae
779 2820 882 2860 sacrae.
928 2801 1084 2880 Gryphisw.
1107 2794 1199 2859 1619.

187 2885 233 2944 Jo.
257 2884 330 2944 Geo.
364 2884 537 2944 Grossius
569 2887 765 2966 compendium
795 2887 947 2946 medicinae
977 2906 1011 2945 ex
1035 2885 1173 2965 scriptura
1202 2903 1283 2944 sacra
1309 2885 1359 2943 de-

230 2973 536 3116 promtuppqpecgpon
558 2973 595 3031 ad
626 2972 744 3032 eaodem
768 2977 844 3030 recte
867 2971 1078 3048 intelligendam
1107 2970 1358 3029 accommodatum

230 3054 307 3113 Basil

188 3139 267 3203 Paul.
302 3138 482 3197 Vecchius
515 3141 740 3199 observationum
777 3142 943 3217 omnigenae
976 3140 1149 3201 eruditionis
1174 3138 1203 3197 in
1238 3138 1359 3197 divinam

231 3225 395 3323 scripturam
416 3225 606 3284 universaml.
630 3226 703 3302 duo,
724 3225 829 3303 primus
850 3228 996 3285 continens
1021 3224 1230 3284 observationes
1245 3223 1357 3300 physio-

231 3309 432 3389 gnomonicas,
465 3313 605 3369 secundus
636 3312 845 3369 observationes
877 3312 1007 3374 medicas.
1051 3309 1173 3387 Neapoli
1204 3304 1296 3366 1641.
1328 3302 1357 3365 4.

188 3395 317 3455 Vincent.
342 3393 458 3453 Moles
483 3396 647 3474 pathologia
670 3397 845 3466 morborum,
881 3415 1002 3471 quorum
1031 3395 1058 3455 in
1084 3394 1177 3454 Sacris
1208 3393 1357 3472 scripturis

231 3480 335 3538 mentio
365 3478 406 3539 fit.
449 3481 576 3539 Madrit.
592 3477 684 3540 1640.
708 3476 824 3554 (1643.)
849 3475 879 3543 4

190 3564 307 3624 Hieron.
339 3562 484 3622 Bardus
515 3567 637 3625 medicus
669 3566 797 3643 politico·
785 3565 966 3638 -oatholicus,
997 3584 1047 3623 seu
1073 3563 1228 3622 medicinae
1264 3579 1358 3620 sacrae

233 3653 293 3706 tum
313 3650 537 3722 cognoscendae,
557 3655 617 3706 tum
641 3651 788 3709 faciundae
808 3650 881 3713 idea.
925 3651 1042 3708 Genuae
1067 3644 1159 3708 1643.
1180 3642 1210 3706 8.
1248 3650 1359 3720 (Agitur

233 3725 399 3862 ppblglppipto,
390 3727 503 3813 M,o,se
522 3729 603 3797 illisa,
621 3730 717 3796 Eadm,
736 3731 882 3798 Salomone,
894 3730 986 3797 Esaia,
999 3729 1110 3784 Jeremia
1123 3728 1358 3799 aliisquemedico-

191 3867 343 3928 Marcellin.
371 3867 508 3928 Uberte
533 3870 670 3929 medicina
691 3890 812 3930 sacras.
836 3872 872 3931 de
892 3872 1015 3949 morbis,
1041 3888 1161 3948 quorum
1191 3869 1298 3930 mentio
1326 3867 1358 3926 lit

233 3954 263 4012 in
287 3952 372 4011 sacris
393 3952 498 4013 litteris.
541 3957 690 4032 Saragoss.
716 3952 807 4015 1645.
829 3954 859 4019 4.

191 4038 237 4102 Jo.
260 4036 333 4101 Dan
362 4036 477 4115 Major
505 4041 587 4118 (resp.
609 4042 654 4103 io
675 4040 754 4100 Frid.
775 4041 887 4116 Moller)
909 4040 976 4100 diss.
1005 4041 1042 4099 de
1069 4037 1196 4117 myrrha,
1232 4037 1357 4109 locustis,

229 4122 473 4266 jejungip4Christi,
497 4124 609 4182 Christo
631 4127 750 4200 medico,
772 4124 911 4205 lunaticis,
934 4125 1091 4205 paralyticis
1117 4131 1146 4183 et
1167 4121 1233 4181 sale.
1262 4121 1357 4182 Kilon.

193 4204 499 4352 Τ18111Βιι11011ιι
522 4294 558 4350 ‹le
579 4294 683 4351 morbis
705 4294 809 4352 biblicis
830 4294 1003 4353 miscellanea
1018 4295 1133 4356 medica.
1158 4291 1247 4354 Hafa.
1270 4284 1361 4351 1671.

235 4371 277 4455 8.,
297 4375 429 4435 Francos.
452 4395 477 4434 a.
501 4376 539 4435 Μ.
564 4373 655 4437 1670.
678 4374 719 4452 8.,
739 4380 805 4442 ibid.
818 4376 908 4439 1690.
924 4374 953 4438 8.
977 4380 1043 4439 ibid.
1074 4373 1166 4439 1705.
1177 4371 1208 4436 4.
1234 4380 1362 4450 (Sylloge

238 4457 477 4512 commentationum
494 4457 528 4512 ad
548 4461 561 4512 l
581 4458 649 4516 Mos.
667 4459 693 4525 0,
711 4479 739 4516 ι.
758 4460 807 4526 21;
834 4462 849 4513 1
867 4460 938 4515 hlos.
959 4461 1003 4527 32,
1027 4479 1053 4515 r.
1072 4459 1120 4528 313
1145 4460 1160 4512 1
1186 4457 1256 4514 Mos.
1274 4455 1317 4522 19,
1334 4473 1361 4514 ι.
