2874 4974
512 279 651 341 Medicina
673 280 817 358 gentilitia.
1212 280 1253 348 77

122 469 168 482 -
192 433 324 513 Excerpt.
346 433 441 492 danice
461 434 489 492 in
514 433 574 512 Eyr
599 428 700 508 1831;
722 436 822 512 gallice
838 436 864 494 in
883 435 981 498 Journ.
997 437 1142 516 complem.
1159 434 1252 515 1826,

121 517 310 582 11126.-
329 517 429 578 Contra
442 519 544 598 aliquot
557 519 615 577 loca
626 523 751 598 scripsit:
783 519 817 578 Α.
841 520 957 579 Pleiscll
981 522 1194 600 Bemerkungen
1217 546 1254 586 zu

123 609 190 666 dem
210 607 315 665 Werke
335 603 444 663 Kilians
468 606 496 662 in
518 606 682 682 Beziehung
706 607 759 664 aui
777 607 822 664 die
846 607 1019 665 Universitiit
1049 607 1135 683 Prag.
1178 609 1254 689 Prag

124 688 219 752 1829.
246 685 275 754 8.
299 695 352 760 (De
381 695 464 746 XXII
492 695 636 747 academiis
663 697 825 748 Germaniae
853 696 943 749 obiter
971 696 1048 748 nimis
1073 699 1201 768 judicat.)

78 792 183 852 Melch.
213 791 323 850 Adam
351 792 425 850 vitae
453 791 658 850 Germanorum
685 795 870 866 medicorum,
899 795 956 869 qui,
979 794 1089 853 saeculo
1118 796 1253 875 superiori

123 885 154 936 et
180 878 259 953 quod
285 879 404 935 excurrit
426 876 593 936 claruerunt.
646 878 818 955 Heidelberg
842 874 932 937 1620.
954 874 983 942 8.
1010 879 1140 944 Francos.
1161 877 1251 941 1653.

123 959 153 1024 8.
180 964 218 1024 ib.
243 956 333 1024 1705.
360 963 378 1020 f.
420 967 498 1032 (lnde
529 967 562 1018 ab
590 985 633 1021 ao.
665 967 731 1021 1615
761 970 853 1038 plures
880 968 981 1021 similes
1011 969 1096 1022 libros
1125 971 1159 1022 de
1185 972 1253 1025 vitis

123 1042 354 1112 Philosophorum,
378 1043 537 1111 Theologor.
563 1050 589 1096 et
606 1043 694 1106 ICtor.
714 1045 905 1115 conscripserat
932 1052 1036 1112 auctor,
1063 1045 1101 1098 ita
1126 1054 1155 1099 ut
1179 1048 1252 1103 vitas

124 1113 283 1166 medicorum
302 1113 369 1164 inter
386 1112 592 1166 continuationes
609 1114 783 1167 numerandae
801 1118 867 1179 sint3
892 1114 1046 1167 exhibentur
1070 1122 1156 1168 autem
1181 1118 1252 1173 ritas

126 1182 179 1234 128
198 1183 302 1251 copiose
320 1190 470 1246 enarratae,
489 1200 514 1234 v.
533 1182 609 1237 Lind.
628 1199 720 1235 reuov.
737 1201 798 1253 pag.
817 1184 892 1249 8043
910 1193 1002 1236 auctor
1019 1185 1075 1254 ipse
1092 1186 1111 1252 †
1131 1184 1218 1255 1622.)

79 1289 126 1352 Jo.
154 1288 267 1366 Kaspar
290 1288 401 1367 Philipp
429 1288 560 1346 Eluert
592 1287 780 1347 Nachrichten
809 1309 864 1347 von
896 1291 960 1348 dem
989 1289 1088 1350 Leben
1113 1294 1170 1351 und
1197 1295 1253 1355 den

124 1374 266 1433 Schriften
291 1374 497 1448 jetztlebender
531 1373 672 1431 teutscher
703 1372 821 1447 Aerzte,
855 1374 1045 1446 Wundarzte,
1078 1377 1252 1460 Thieriirzte,

123 1458 288 1536 Apotheker
313 1480 340 1516 u.
368 1457 594 1520 Naturforscher.
624 1453 651 1518 l.
674 1459 765 1516 Band.
821 1459 993 1516 Hildesheim
1023 1455 1113 1520 1199.
1137 1459 1166 1520 8.
1190 1470 1253 1531 (Vi-

124 1547 168 1594 tas
195 1540 311 1592 continet
336 1539 380 1604 91,
405 1541 538 1592 maximam
562 1547 662 1609 partem
680 1540 925 1609 autobiograpbias3
953 1541 989 1593 nil
1007 1542 1114 1611 amplius
1132 1545 1253 1614 prodiit.)

80 1613 140 1671 Jac.
163 1613 212 1671 Fr.
237 1612 338 1674 Ludw.
365 1612 500 1671 Lentin
522 1613 716 1670 medicinische
747 1614 963 1688 Bemerkuugen
991 1616 1043 1672 aui
1060 1615 1136 1674 einer
1160 1618 1253 1676 litera-

124 1699 235 1756 rischen
272 1698 357 1757 Reise
392 1697 480 1755 durch
515 1696 710 1755 Deutschland
741 1699 769 1756 in
805 1699 935 1757 Hiusicht
970 1701 1022 1758 auf
1053 1700 1098 1759 die
1120 1701 1252 1764 klinische

123 1783 230 1844 Praxis.
273 1782 367 1841 Berlin
390 1781 499 1863 (Basel)
522 1778 662 1841 18008.

81 1887 180 1949 Heinr.
203 1885 295 1963 Chph.
318 1890 391 1960 Aug.
416 1884 577 1942 Osthofi
594 1885 688 1943 Briefe
710 1885 779 1942 iiber
800 1882 904 1944 Aerzte
928 1886 987 1943 und
1013 1886 1158 1946 iirztlicbes
1183 1889 1252 1949 We-

124 1991 174 2030 sen
186 1971 240 2029 auf
246 1971 320 2028 einer
330 1971 415 2028 Reise
427 1970 512 2027 durch
526 1970 605 2027 einen
617 1968 699 2028 Theil
710 1969 923 2032 Deutschlands.
957 1971 1097 2030 Sulzbach
1120 1969 1209 2033 1810.
1221 1970 1251 2033 8.

81 2057 171 2119 Henr.
193 2056 271 2113 Frid.
297 2057 339 2114 de
361 2054 490 2113 Delius
525 2056 614 2111 oratio
640 2055 676 2111 de
703 2056 805 2114 meritis
834 2056 1006 2114 Francorum
1033 2057 1062 2114 in
1083 2077 1141 2118 rem
1162 2061 1251 2119 medi-

123 2161 187 2201 cam
205 2148 235 2198 et
251 2142 401 2220 physicam.
445 2140 560 2215 Erlang.
591 2135 682 2201 1754.
707 2137 738 2201 4.

79 2243 183 2304 Franc.
205 2241 265 2301 Jos.
287 2241 519 2300 Grienwaldt
539 2239 643 2299 Album
662 2241 797 2300 Bavariae
813 2242 937 2316 jatricae.
963 2242 1094 2301 Monach.
1113 2237 1203 2309 1733,
1221 2241 1250 2309 8.

78 2345 125 2403 Jo.
157 2344 255 2405 Heinr.
288 2344 371 2403 With.
407 2342 541 2418 Klinge
579 2343 750 2419 Fragmeute
782 2363 833 2400 aus
871 2345 935 2401 dem
966 2345 1140 2420 Tagebuche
1175 2347 1251 2405 eines

122 2428 226 2488 Aratea
247 2431 300 2486 auf
312 2431 376 2486 dem
400 2428 570 2486 Oberharze.
626 2428 744 2486 Stendal
766 2422 857 2485 1812.
880 2423 908 2490 8.

79 2532 106 2595 J.
140 2530 175 2590 C.
209 2531 254 2589 W.
291 2529 437 2588 Miihsen
468 2530 635 2587 Geschichte
669 2531 719 2587 der
749 2528 987 2588 Wissenschesten
1026 2530 1054 2587 in
1086 2532 1137 2588 der
1168 2531 1250 2592 Mark

122 2616 342 2690 Brandenburg,
370 2615 523 2672 besonders
545 2616 595 2672 der
619 2613 929 2685 Arzneiwissenscbalt3
958 2633 1014 2672 von
1047 2615 1101 2673 deu
1130 2615 1250 2676 altesten

123 2701 224 2759 Zeiten
254 2720 289 2759 an
318 2700 359 2756 bis
389 2720 424 2756 zu
451 2699 535 2756 Ende
567 2701 615 2757 des
646 2700 721 2757 XVI.
750 2699 969 2770 Jahrhunderts3
999 2700 1026 2757 in
1055 2699 1172 2758 welcher
1199 2722 1250 2760 zu-

123 2785 215 2862 gleich
241 2785 286 2844 die
310 2784 617 2842 Gedichtnissmiinzen
638 2785 797 2842 beriihmter
819 2788 938 2856 Aerzte,
962 2784 1065 2842 welche
1092 2785 1119 2843 in
1146 2787 1250 2846 diesem

123 2871 284 2930 Zeitraume
315 2870 342 2926 in
377 2871 426 2926 der
458 2869 540 2927 Mark
572 2869 666 2944 gelebt
700 2870 807 2943 haben,
839 2869 1018 2928 beschrieben
1049 2871 1171 2928 werden.
1207 2905 1251 2918 -

123 2955 223 3014 Etiam
243 2957 289 3012 aab
311 2954 403 3012 titolo:
426 2954 636 3029 Beschreibung
658 2954 734 3012 einer
760 2952 857 3011 berlin.
885 2954 1194 3032 Medaillensammlung
1221 2978 1249 3021 u.

123 3061 147 3102 s.
171 3060 205 3102 w.
233 3040 267 3102 ll.
292 3039 382 3098 Theil.
418 3038 512 3096 Berlin
544 3060 571 3097 u.
602 3038 700 3116 Leipz.
733 3033 824 3098 1781.
852 3032 881 3095 4.
913 3040 986 3096 Cum
1011 3040 1059 3103 lll.
1088 3041 1165 3104 tabb.
1188 3061 1250 3101 aen.

125 3119 339 3192 (Disquisitioacs
355 3127 496 3173 accuratae
507 3119 615 3172 maxime
630 3121 662 3172 ad
682 3119 817 3172 historiam
834 3119 912 3171 medii
927 3120 990 3173 aevi
1007 3121 1132 3175 facientes
1156 3128 1183 3175 et
1201 3123 1250 3176 ad-

124 3190 176 3242 huc
194 3189 360 3255 utilissimae;
379 3208 407 3246 v.
426 3205 506 3258 supra
524 3206 584 3258 pag.
604 3189 659 3254 21.)

79 3313 125 3325 -
146 3313 188 3325 -
210 3280 343 3355 Beitr'tige
366 3298 416 3336 zur
441 3278 607 3336 Geschichte
628 3280 678 3337 der
700 3277 936 3336 Wissenschaiten
952 3279 979 3335 in
996 3279 1045 3336 der
1063 3280 1143 3336 Marlr
1159 3281 1251 3338 Bran-

124 3364 254 3440 denburg
275 3385 331 3423 von
357 3365 412 3421 deu
434 3363 552 3421 iiltesten
576 3363 673 3420 Zeiten
696 3382 732 3420 an
753 3364 795 3420 bis
827 3382 862 3419 zu
888 3363 970 3420 Eude
995 3363 1045 3419 des
1070 3363 1145 3426 XVI.
1167 3364 1250 3422 Jahr-

125 3449 271 3507 hunderts.
325 3449 418 3508 Berlin
449 3468 476 3509 u.
505 3446 602 3525 Leipz.
630 3441 721 3508 1783.
750 3442 779 3503 4.
833 3443 897 3503 Cam
925 3448 979 3509 tob.
1008 3466 1066 3504 oea.
1106 3453 1250 3520 (Continet

125 3529 210 3588 Leon.
234 3529 419 3583 Thurneisseri
436 3530 516 3582 vitam
535 3547 550 3582 e
568 3527 728 3597 diplomatib.
752 3543 810 3579 mss.
828 3535 935 3596 erutam,
959 3529 1105 3596 fragmenta
1123 3531 1249 3599 quaedam

126 3599 161 3651 ad
178 3599 312 3652 historiam
329 3597 476 3666 chirurgiae
493 3614 583 3653 aanor.
602 3595 781 3651 lala-1598.
801 3597 852 3662 al.)

78 3685 156 3763 Aug.
180 3689 256 3745 Guil.
281 3687 316 3746 n.
345 3688 400 3750 Th.
429 3687 608 3745 Henschel
629 3686 794 3762 iatrologiae
819 3685 935 3746 Silesiae
959 3687 1098 3763 specimen
1121 3689 1249 3767 primum,

124 3772 256 3831 exhibens
283 3773 471 3832 brevissimam
492 3773 663 3829 medicorum
690 3772 853 3829 Silesiorum
881 3771 982 3829 saeculi
1009 3772 1085 3833 Xlll.
1108 3774 1146 3831 ad
1171 3774 1248 3839 XVI.

122 3859 268 3932 notitiam,
301 3859 345 3916 cui
369 3858 513 3932 catalogus
542 3856 713 3914 medicorum
745 3857 860 3913 Silesiae
890 3857 1075 3915 recentiorum
1099 3877 1251 3934 eorumque

123 3942 305 4001 celebriorum
327 3942 453 4018 adjectus
473 3946 516 3999 est
537 3941 711 4018 prodromus.
756 3940 902 3999 Vratislav.
926 3935 1016 4000 1837.
1038 3937 1067 3998 4.
1100 3942 1250 4020 Program-

124 4046 171 4084 ma
191 4027 412 4103 gratulatorium.
449 4029 636 4099 (Enumeratio
671 4029 848 4100 biographica
871 4031 1014 4083 secundnm
1035 4037 1185 4101 temporum
1204 4051 1249 4086 se-

125 4108 189 4161 riem
208 4124 265 4161 cum
283 4109 383 4162 notitiis
401 4107 499 4161 bio-et
517 4105 751 4174 bibliograpbicis.)

78 4228 123 4242 -
144 4216 260 4255 -zur
293 4197 459 4256 Geschichte
484 4198 534 4255 der
564 4196 686 4254 Medicin
720 4195 748 4251 in
780 4195 931 4255 Schlesieu.
963 4196 1060 4254 Erstes
1081 4197 1160 4256 Hest.
1194 4196 1250 4258 Die

123 4282 365 4341 vorliteriirischen
389 4280 530 4357 Anfange.
573 4280 692 4338 Breslau
725 4274 814 4339 1837.
843 4276 873 4342 8.
910 4286 1055 4353 (Continet
1082 4287 1166 4339 bonas
1193 4287 1249 4340 dis-

124 4362 278 4432 quisitiones
303 4363 374 4417 circa
392 4363 543 4416 medicinam
562 4361 637 4415 medii
656 4359 715 4413 aevi
732 4359 759 4412 in
777 4360 924 4416 universum
941 4362 1068 4432 usquead
1083 4380 1152 4418 saec.
1169 4363 1248 4432 xl1.;

122 4432 202 4504 plane
220 4432 350 4488 diversum
367 4449 432 4503 opus
449 4448 467 4487 a
484 4431 601 4504 proximo
618 4429 807 4501 praecedenti.)
