2874 4974
180 284 243 351 188
634 288 896 370 Ophthulmintrice.

224 438 410 524 antiquissimis
427 437 586 510 temporibus
604 455 688 509 usque
703 438 737 491 nd
750 438 897 522 recentiore
911 435 1013 520 potiore
1026 435 1129 520 nomine
1139 443 1275 503 recenset3
1289 454 1352 559 pop.

226 508 259 564 17
278 524 318 578 sq.
341 510 473 562 nudscstur
496 525 543 566 ms.
570 507 831 579 ophthalmologroum
850 507 922 560 Petri
941 507 1062 577 Cumpen
1086 523 1143 559 cum
1166 506 1242 575 sugg,
1273 523 1352 576 quo,

224 586 256 631 ut
272 577 391 642 videtur,
410 577 519 630 Lovsnii
538 579 581 630 vel
603 577 743 645 Ultrujeoti
760 578 936 643 asservatur.)

181 651 218 711 G.
241 651 300 709 Jos.
321 652 410 709 Beer
441 650 609 709 Geschichte
634 650 684 708 der
718 649 916 725 Augenlsuude
947 647 1105 725 iiberhanpt
1133 647 1192 706 und
1222 648 1273 706 der
1293 646 1354 706 Au-

223 735 431 813 genheillsunde
451 736 658 793 inshesondere.
696 731 723 792 l.
745 735 825 792 Heli.
869 735 952 794 Wien
986 728 1077 792 1813.
1112 726 1142 790 8.
1177 738 1290 806 (Parum
1311 737 1353 790 hi-

224 816 481 954 “ordcechcripmm’
506 816 606 885 judicia
632 815 720 886 eliqua
743 816 776 870 ds
792 815 866 869 libris
884 834 900 868 e
916 813 1043 867 medicine
1061 813 1176 868 noueris
1199 815 1261 868 enni
1289 813 1353 869 1812

223 904 273 940 oon
295 903 327 939 ne

294 1024 356 1120 h.
413 1023 613 1120 Libro·
646 1019 1236 1145 opntnasmomnsos.

179 1195 225 1258 Jo.
237 1195 325 1259 Henr.
341 1195 359 1254 J
366 1196 469 1272 ngler
484 1196 668 1254 bibliothecae
680 1195 884 1275 ophthalmicae
900 1196 1039 1273 specimen
1051 1195 1071 1258 l.
1090 1194 1248 1268 Hamburg.
1260 1186 1352 1252 1783.

223 1276 254 1342 8.
270 1313 314 1323 -
331 1281 419 1339 Redit
434 1285 464 1339 in
480 1281 580 1356 Ejusd.
604 1280 748 1360 Opusoula
763 1280 828 1338 bina
852 1280 1122 1353 medico-litteraria,
1148 1279 1265 1338 alterum
1289 1297 1352 1356 spe-

225 1366 286 1424 cim.
308 1365 435 1428 bihlioth.
457 1366 613 1444 ophthalm.
636 1368 767 1444 primum,
791 1385 938 1424 recensens
964 1371 1103 1439 auctores,
1130 1365 1178 1439 qni
1203 1362 1351 1439 usquead

224 1450 261 1517 Q.
288 1451 386 1510 Sereni
408 1452 577 1510 Sammonici
598 1459 718 1510 aetatem
740 1452 767 1508 in
788 1450 926 1508 medicina
947 1449 1052 1508 oculari
1073 1468 1198 1526 unquam
1219 1449 1350 1524 claruere,

223 1535 341 1594 alterum
362 1538 399 1594 de
427 1536 548 1612 collyriis
573 1541 697 1594 veterum
722 1536 862 1613 variisque
887 1555 983 1594 eorum
1009 1535 1182 1595 differentiis.
1215 1532 1296 1612 Lips.
1324 1537 1352 1591 et

223 1619 339 1679 Dessav.
361 1616 485 1698 (1784.)
509 1615 600 1681 1785.
626 1616 655 1680 8.

181 1704 218 1764 G.
230 1705 290 1768 Jos.
312 1707 404 1764 Beer
426 1706 622 1783 Repertorinm
641 1704 709 1762 aller
722 1703 764 1762 bis
778 1724 815 1762 zu
831 1704 915 1763 Ende
936 1706 987 1763 des
997 1703 1096 1762 Jahres
1118 1697 1200 1764 1797
1230 1701 1351 1761 erschie·

222 1809 313 1851 neuen
330 1791 471 1848 Schriften
486 1792 555 1848 iiber
579 1791 626 1847 die
647 1788 940 1865 Augenkranlsheiten.
994 1787 1108 1864 (Etiam
1128 1790 1175 1846 suh
1192 1788 1285 1846 titulo:
1301 1787 1349 1845 Bi-

221 1876 363 1934 hliotheca
387 1875 574 1953 ophthalmica
594 1870 663 1957 etc.)
689 1875 772 1933 Wien
795 1869 886 1934 1799.
898 1869 928 1932 4.
952 1875 1025 1938 Voll.
1038 1874 1086 1932 111.
1123 1877 1214 1954 (ppos
1235 1894 1290 1931 non
1308 1893 1350 1930 ss·

223 1956 402 2092 tiplepcurste
419 1957 578 2010 elaboratum
595 1957 644 2009 sed
661 1957 695 2010 oh
711 1956 745 2011 B.
762 1955 844 2025 ipsius
863 1956 1022 2027 aliorumque
1037 1954 1139 2024 judicio
1162 1953 1240 2008 hodie
1264 1953 1349 2008 adhuc

223 2042 241 2078 u
255 2044 262 2077 ι
273 2042 297 2079 e.

237 2188 292 2261 o.
347 2162 939 2286 npntnosmsotrsce
967 2161 1293 2260 veternum·

180 2333 255 2413 Aug.
280 2334 447 2396 Andreae
474 2358 524 2395 zur
545 2337 663 2396 iiltesten
686 2336 855 2396 Geschichte
881 2338 932 2395 der
953 2335 1216 2413 Angeuheillrunde.
1249 2333 1350 2411 Progr.

224 2421 432 2501 (Magdeburg)
459 2417 550 2484 1841.
569 2419 598 2481 8.
619 2434 784 2502 (Medicinam
798 2444 825 2488 et
836 2434 1069 2504 ophthalmistrism
1081 2435 1284 2505 antiquissimam
1296 2436 1350 2486 Αο·

224 2506 382 2574 gyptiorum‚
399 2504 520 2558 Indorum
539 2513 566 2556 et
584 2507 749 2557 Graecorum
766 2513 895 2570 enarret..)

180 2575 273 2638 Fridr.
306 2577 381 2636 Guil.
419 2576 600 2636 Wallroth
637 2583 785 2654 syntagma
810 2578 847 2636 de
876 2576 1115 2655 ophthalmologin
1139 2596 1189 2634 seu
1212 2574 1350 2640 medisina¹

224 2661 367 2720 oculorum
389 2668 522 2723 veterum.
555 2663 703 2741 Specimeu
726 2662 987 2740 medico-philolog.
1020 2661 1088 2720 Hal.
1113 2656 1206 2721 1818.
1228 2655 1256 2722 8.
1279 2664 1349 2732 (Us-

225 2760 277 2812 que
292 2743 325 2795 ud
343 2743 437 2795 saecul.
463 2745 602 2797 secundum
620 2753 681 2814 post
699 2743 853 2811 Christum.)

181 2815 245 2874 Cur.
268 2816 332 2878 Glo,
357 2816 460 2873 Kiihn
483 2818 567 2876 index
587 2819 757 2875 medicorum
781 2811 964 2875 oculatiorurh
990 2816 1063 2874 inter
1090 2814 1216 2872 Graecos
1241 2812 1350 2872 Roma-

223 2918 343 2976 nosque,
366 2920 476 2978 progrr.
489 2902 549 2976 lxi.
585 2900 663 2980 Lips.
690 2898 782 2964 1829.
807 2897 898 2962 1830.
921 2897 1112 2980 ‘illefonsus
1137 2910 1350 2981 disquisitionem

225 2982 275 3033 cir.
295 2998 398 3050 quoque
418 2984 482 3034 Elos'
502 2983 697 3037 Johnnneon
716 2986 794 3035 lettre
815 3001 862 3036 sur
885 2986 922 3036 les
944 2983 1116 3051 inscriptions
1139 2982 1171 3034 de
1193 2982 1296 3047 pierres
1313 2981 1351 3033 si-

224 3052 347 3121 gillnires
357 3053 390 3103 de
406 3053 534 3104 medecins
553 3054 683 3116 occideres,
703 3054 869 3105 ddcouoertes
886 3055 904 3103 d
922 3053 1040 3119 Bonoso,
1065 3053 1157 3114 Visun,
1175 3049 1311 3102 Brnmntlt
1326 3054 1352 3102 et

224 3120 368 3188 lngoillers
394 3121 421 3171 in
447 3120 540 3173 Bottin
564 3121 696 3188 melnnges
724 3120 932 3190 d’orchseologis
957 3122 991 3174 de
1013 3122 1040 3174 le
1062 3120 1164 3174 societd
1185 3119 1281 3188 royule
1305 3118 1352 3171 des

224 3187 386 3256 antiquaires
405 3189 437 3241 de
454 3190 567 3246 Frouce.
602 3191 678 3243 Poris
698 3190 773 3245 1831.
792 3191 835 3257 8.)

180 3259 226 3320 Jo.
258 3260 327 3319 Ern.
356 3264 470 3321 lmmau,
497 3263 621 3322 Wnloh
652 3263 771 3340 sigillum
792 3264 893 3321 medici
920 3261 1033 3320 ocularii
1057 3261 1177 3320 Romani
1205 3279 1300 3339 nuper
1323 3258 1352 3318 iu

222 3365 293 3423 egro
317 3347 431 3406 Jenensi
452 3353 593 3427 repertum
615 3354 644 3407 et
669 3349 911 3407 observationibus
932 3348 1107 3408 illustratum.
1136 3344 1287 3406 Accedunt
1308 3364 1352 3404 re·

222 3431 299 3506 liquo
320 3434 409 3509 sigilla
435 3441 464 3492 et
490 3435 684 3513 inscriptiones
709 3435 881 3492 medicorum
910 3433 1093 3491 oculatiorum
1119 3438 1255 3490 veterum.
1289 3430 1350 3489 Jeu.

223 3512 314 3576 1763.
327 3515 356 3576 4.
371 3517 435 3577 Com
449 3522 531 3577 icone.
543 3553 590 3564 —-
600 3516 686 3578 Redit
696 3522 726 3577 in
736 3519 835 3594 Ejusd.
849 3519 1030 3593 Antiquitatt.
1045 3518 1143 3580 medic.
1163 3515 1258 3574 select
1285 3514 1350 3573 Jeu.

224 3596 317 3662 1772·
340 3601 370 3663 4·
390 3617 457 3680 (cn.
477 3635 580 3686 quoque
601 3619 630 3672 P.
650 3618 688 3670 W
692 3619 845 3686 osseling
867 3617 1031 3668 devotorum
1052 3616 1159 3669 medicis
1177 3614 1309 3668 oonlnris‘s
1325 3611 1352 3666 in

224 3684 282 3734 hot.
306 3682 366 3736 Lac
388 3703 443 3738 soc.
461 3687 567 3739 lenens.
586 3693 649 3742 tom.
667 3687 717 3741 Ill.
741 3705 766 3757 p.
785 3688 820 3740 53
837 3688 890 3754 sq.)

180 3751 255 3818 Dan.
284 3755 371 3815 Wilh.
402 3759 539 3817 Triller
566 3779 662 3837 progr.
689 3760 725 3817 de
750 3760 832 3818 variis
862 3759 1033 3817 medicorum
1057 3756 1242 3816 oculariorum
1264 3754 1353 3832 colly-

224 3840 281 3912 riis,
302 3859 420 3916 quorum
441 3845 574 3903 memoria
598 3846 627 3903 in
652 3845 749 3922 priscis
774 3844 912 3922 lapidibus
934 3843 1071 3923 inscriptis
1098 3842 1191 3901 adhuc
1212 3847 1351 3920 superest.

223 3923 316 3982 Viteb.
339 3921 430 3988 1772.
455 3926 484 3988 4.
507 3926 570 3988 Non
590 3930 663 3988 redit
682 3933 712 3987 in
737 3930 860 4008 Opuscc.

180 4009 274 4088 Chph.
307 4011 440 4072 Saxins
467 4016 548 4092 epist.
578 4018 615 4075 de
645 4015 747 4075 veteris
781 4015 879 4074 medici
908 4011 1021 4071 ocularii
1047 4030 1158 4088 gemme
1185 4009 1351 4088 sphragide,

222 4114 313 4175 prope
338 4096 461 4174 Trajeot.
484 4100 521 4158 ad
545 4099 617 4158 Mos.
643 4121 733 4179 nuper
754 4105 842 4159 eruta.
886 4098 1034 4174 UltraJecti
1056 4090 1146 4157 1774.
1169 4089 1198 4153 8.

179 4179 225 4240 Jo.
244 4182 332 4240 chr.
354 4180 372 4239 J
377 4185 478 4263 ugler
510 4186 546 4244 de
574 4184 692 4262 collyriis
720 4194 862 4260 veterum,
890 4185 1029 4260 variisque
1057 4200 1154 4239 eorum
1184 4177 1353 4240 differentiis

223 4266 290 4326 diss.
301 4267 398 4345 inaug.
419 4272 539 4329 Bhtzow
550 4264 641 4331 1784.
656 4265 686 4330 8.
700 4304 741 4316 -
755 4271 843 4331 Redit
861 4274 892 4329 in
912 4269 1011 4346 Ejusd.
1036 4267 1160 4347 Opuscrn
1173 4264 1248 4324 hina.
1270 4262 1351 4347 Lips

222 4357 252 4410 et
272 4351 389 4414 Dessav.
412 4349 534 4434 (1784.)
556 4350 646 4419 1785.
672 4351 702 4415 8.

181 4434 333 4497 Toehou
354 4439 535 4501 d'Anneci
560 4441 626 4500 diss.
647 4460 696 4501 sur
721 4439 901 4521 l’iuscriptiou
924 4457 1046 4519 grecque
1069 4440 1197 4512 Iooosoc
1216 4441 1352 4510 Averso,
