2874 4974
570 300 672 363 Plinius
693 333 737 348 —
756 300 863 362 Celsus.
1254 303 1296 370 57

175 454 275 511 rioloso
298 453 375 507 boum
397 450 543 521 antiquitus
566 453 619 521 jam
640 451 669 505 in
694 467 789 534 corpus
814 451 951 506 humanum
968 452 1094 509 translato
1112 459 1141 509 et
1157 458 1297 514 secuudum

173 533 294 580 notorem
311 523 447 577 humanum
464 528 572 591 monto,
591 521 629 574 ita
647 528 676 574 ut
693 536 776 574 serius
794 522 894 574 variola
912 522 1005 575 exinde
1023 532 1086 577 nata
1104 523 1158 594 sit.)

130 598 210 658 Elias
231 597 463 655 Camerarius
487 597 553 658 diss.
579 596 616 654 de
637 611 766 671 gemursa
792 593 918 653 Pliniana
940 595 1010 653 clavi
1032 597 1113 675 pedis
1143 599 1298 680 maliguioii

174 683 279 762 specie.
320 681 446 757 Tubing.
470 674 562 739 1722.
584 674 614 738 4.
658 683 991 752 (lurlrn.1.xxv1.0.
1009 688 1034 742 1.
1047 703 1070 743 s.
1086 690 1111 740 s.
1130 693 1156 755 s.
1171 689 1214 756 a.)

132 769 208 830 Geo.
236 762 343 842 Wolfg.
368 765 490 824 Wedel
522 766 559 824 de
589 766 687 823 morbo
709 765 862 842 sapientiae
900 766 957 841 (ad
980 765 1049 829 Pliu.
1073 766 1135 827 bist.
1157 775 1215 834 nat.
1237 771 1300 832 Vll.

175 848 226 912 50.
247 873 270 916 s.
282 847 333 910 51.
349 848 377 928 §.
389 846 475 928 169).
497 850 559 908 Jen.
583 845 704 931 (1699.)
720 844 811 912 1701.
828 844 859 911 4.
880 881 928 894 —-
947 850 1045 915 Recus.
1056 853 1087 910 io
1098 853 1197 913 Wedel
1208 875 1299 917 exerc.

175 939 252 997 med.
274 935 370 1015 philol
386 935 470 997 Ceut.
490 934 511 993 Ι.
533 930 662 998 dec.10.
684 955 712 997 n.
735 930 783 997 10.
817 939 885 1006 (Pro
901 940 1113 1010 diaphragmatis
1127 943 1302 1000 vulnereha·

176 1019 233 1088 bet,
251 1035 308 1071 cum
325 1033 379 1070 vox
397 1014 499 1084 φρένες
515 1025 623 1088 practer
640 1022 746 1069 mentem
765 1015 842 1069 etiam
860 1016 1027 1086 diaphragma
1045 1017 1188 1090 designet.)

99 1136 106 1149 .
133 1092 210 1155 Guil.
233 1091 355 1150 Udalric
382 1090 627 1150 Waldschmid
649 1091 738 1167 (resp.
761 1089 852 1167 Cbph.
878 1089 964 1149 Mart.
986 1091 1154 1175 Burchard)
1176 1095 1242 1160 diss.
1265 1097 1302 1156 de

176 1177 277 1237 morbo
299 1194 350 1253 per
375 1176 537 1253 sapientiam
560 1175 631 1233 mori
651 1174 740 1236 Plinii.
784 1174 879 1233 Kilou.
904 1171 995 1236 1703.
1021 1171 1049 1236 4.

133 1261 203 1324 chr.
238 1262 358 1319 Godofr.
392 1259 568 1320 Stentzel
598 1278 694 1339 progr.
729 1260 832 1331 morbi,
881 1279 937 1336 quo
963 1281 1015 1339 per
1041 1261 1204 1340 sapientiam
1232 1266 1303 1324 mori

131 1435 139 1444 ι
175 1347 283 1442 Plinius
305 1346 416 1423 scribit,
458 1353 557 1405 natura
579 1345 740 1424 explicatur.
785 1343 877 1406 Viteb.
900 1341 993 1406 1736.
1015 1343 1045 1410 4.
1112 1354 1203 1422 (Esse
1227 1362 1304 1409 anto-

134 1428 314 1562 Dalrlmglllll
333 1499 477 1560 Triller
509 1499 670 1557 exercitatio
696 1497 723 1556 in
746 1496 888 1556 difficilem
908 1498 990 1558 Plinii
1013 1499 1123 1578 locum,
1155 1501 1173 1561 l.
1199 1503 1258 1563 Vll.
1280 1525 1304 1564 c

179 1582 243 1666 50.
268 1587 305 1644 de
325 1585 424 1644 morbo
447 1603 498 1662 per
512 1584 676 1661 sapientiam
698 1584 776 1641 mori.
820 1584 913 1644 Viteb.
938 1579 1031 1647 1757.
1052 1580 1082 1644 4.
1107 1621 1146 1630 -
1167 1586 1255 1647 Redit
1275 1593 1306 1648 in

181 1672 231 1731 Tr.
255 1671 377 1748 Opuscc.
402 1669 463 1728 Vol.
485 1669 507 1732 l.
532 1662 623 1731 1766.
646 1689 674 1747 p.
697 1662 875 1730 508-523.
920 1674 1002 1741 (Esse
1017 1676 1220 1746 phrenitidem.)

136 1757 266 1819 Gottlieb
286 1756 384 1815 Heinr.
407 1755 681 1832 Kannegiesser
706 1754 771 1811 diss.
800 1755 837 1812 de
857 1755 957 1813 morbo
979 1756 1115 1817 Pliniano.
1139 1753 1184 1842 (i)
1210 1757 1306 1822 Kilon.

137 1836 468 2002 Girlsllllo4rigliano
501 1923 736 2004 interpretazione
771 1922 835 1981 dell’
870 1943 970 1983 oscuro
1008 1944 1094 2004 passo
1133 1927 1163 1986 di
1200 1927 1308 1990 Plinio:

180 2012 300 2073 Morbus
320 2018 365 2069 cst
387 2011 470 2069 etiam
485 2009 583 2085 aliquis
605 2029 657 2088 per
678 2009 841 2086 sapientiam
864 2011 942 2088 mori.
966 2011 996 2070 S.
1014 2011 1031 2069 l.
1051 2033 1074 2071 e.
1091 2030 1118 2071 a.
1135 2008 1259 2090 (1780.)
1277 2010 1307 2081 8.

182 2092 317 2163 (Pertinet
334 2091 368 2144 ad
384 2091 449 2144 Plio.
462 2090 522 2144 Vll.
541 2092 598 2157 50.;
617 2092 666 2146 cfr.
685 2092 763 2143 etiam
782 2090 863 2160 casp.
882 2107 898 2142 a
916 2090 1032 2159 Reyes
1049 2091 1156 2160 Elysius
1171 2096 1308 2163 jucundat.

183 2168 287 2232 quaest.
307 2176 413 2230 campus
430 2178 457 2230 p.
476 2158 569 2227 1236.;
605 2160 685 2217 Andr,
711 2159 835 2212 Schott
862 2161 932 2214 obss.
952 2160 1053 2217 human.
1073 2162 1106 2218 V.
1125 2164 1167 2218 10.
1186 2181 1210 2248 p.
1229 2163 1308 2232 2174

183 2231 394 2286 Bererovic.
413 2229 543 2300 epistolio.
562 2238 664 2299 quaest.
684 2246 710 2298 p.
728 2228 763 2282 28
780 2227 865 2294 et663
885 2229 1138 2297 Scaligeriana
1177 2250 1240 2286 mma
1253 2233 1310 2300 1113

184 2297 409 2424 zlepcnrigalps
433 2316 495 2437 vorj
511 2298 572 2355 lect.
591 2299 638 2356 VI.
656 2297 701 2354 70.
725 2314 751 2368 p.
774 2297 840 2364 1293
873 2297 1077 2352 Schmieder
1099 2300 1127 2353 iu
1169 2302 1253 2372 phem.
1272 2301 1310 2358 N.

210 2410 218 2428 .
260 2376 313 2425 eut.
349 2402 356 2422 .
392 2375 473 2422 ,οἵα

519 2574 571 2631 SS.
627 2573 782 2628 Plinius
808 2573 939 2631 minor.

142 2719 218 2779 Geo.
244 2714 319 2774 Guil.
344 2715 430 2774 Ferd.
453 2716 632 2775 Schramm
657 2715 855 2774 commentatio
877 2715 1021 2794 epistolica
1043 2716 1079 2776 de
1101 2735 1189 2777 coena
1213 2717 1315 2796 frugali

188 2823 208 2863 a
229 2801 329 2875 Plinio,
351 2801 432 2880 epist.
454 2801 476 2866 l.
499 2797 549 2864 15.
576 2802 724 2881 descripta.
767 2800 830 2859 Jen.
854 2795 948 2862 1746.
973 2795 1003 2860 4.

565 3019 627 3077 rs.
679 2985 902 3089 Apicius.

146 3162 193 3224 1ο.
217 3159 314 3220 Heinr.
335 3158 378 3218 Di
389 3159 520 3219 erbach
541 3158 628 3218 Flora
648 3156 792 3240 Apiciana.
815 3161 869 3219 Ein
885 3161 1002 3236 Beitrag
1018 3179 1069 3218 zur
1084 3159 1191 3218 n'aibern
1206 3158 1318 3219 Kennt-

190 3247 250 3306 niss
272 3247 323 3304 der
343 3243 587 3320 Nahrungsmittel
609 3246 659 3303 der
685 3245 760 3304 alten
783 3245 904 3318 Riimer‚
941 3247 992 3303 mit
1019 3245 1191 3303 besonderer
1221 3244 1317 3303 Rdclr-

191 3331 264 3391 sicht
290 3331 342 3388 ani
364 3331 411 3387 die
432 3331 543 3388 Biicher
565 3330 615 3388 des
638 3329 749 3389 Caelius
763 3329 878 3408 Apicius
900 3332 936 3388 de
958 3330 1083 3407 opsoniis
1105 3336 1135 3386 et
1156 3329 1318 3386 condimen·

190 3416 228 3476 tls
251 3415 310 3474 sive
330 3423 390 3472 arte
411 3416 582 3490 coquinaria.
614 3415 788 3490 Heidelberg
809 3417 869 3473 and
890 3413 1009 3491 Leipzig
1032 3407 1123 3471 1831.
1148 3406 1177 3469 8.
1223 3399 1320 3487 (Ilota-

192 3499 270 3550 nicae
287 3496 325 3549 rei
343 3497 410 3548 bene
428 3496 528 3565 peritus
546 3504 655 3560 auctor3
674 3497 721 3549 cir.
741 3495 830 3550 Barth.
848 3495 987 3547 Plotina
1005 3495 1037 3546 dc
1055 3494 1167 3545 honesto
1182 3495 1322 3564 voluptate

192 3583 214 3621 r.
237 3566 270 3620 de
291 3566 392 3620 tuendo
408 3566 572 3623 valetudiue.
613 3567 705 3621 Venet.
724 3562 799 3620 1475.
817 3568 843 3634 f.
862 3570 890 3618 et
906 3563 1009 3635 saepius
1027 3579 1085 3619 var.
1103 3561 1160 3631 cit.)

640 3788 671 3858 β.
705 3792 835 3843 Medici.

581 3923 639 3981 Al.
708 3925 896 3978 Celsus.

152 4047 242 4107 Henri
273 4043 486 4105 Kiihnholtz
518 4047 600 4122 dloge
632 4047 669 4106 de
700 4047 783 4107 Celse
804 4046 949 4122 pronoucd
975 4044 1001 4103 le
1024 4038 1072 4102 19.
1099 4042 1179 4121 April
1200 4037 1324 4102 1838d

195 4133 223 4190 la
247 4131 316 4195 Fac.
339 4132 376 4189 de
397 4131 471 4194 med.
494 4132 530 4190 de
551 4131 739 4210 Montpellier.
783 4130 961 4208 Montpellier
983 4135 1012 4188 et
1036 4128 1114 4185 Paris
1142 4121 1232 4186 1838.
1259 4121 1290 4184 8.

155 4219 227 4276 Geo.
251 4214 472 4274 Askermarlr
505 4217 573 4276 diss.
601 4237 657 4294 qua
686 4215 755 4278 Aur.
781 4215 867 4273 Corn.
900 4215 1000 4273 Celsus
1031 4215 1202 4271 medicorum
1224 4210 1324 4269 Cicero

196 4301 404 4376 latinorumque
424 4301 613 4379 Hippocrates
637 4303 813 4382 proponitur.
856 4298 956 4378 Upsal.
983 4293 1076 4358 1758.
1101 4293 1130 4355 4.

155 4385 253 4462 (Giov.
274 4385 361 4461 Luigi
383 4386 586 4460 Bianconi)
609 4387 707 4446 lettere
728 4404 813 4466 sopra
834 4382 868 4445 A.
895 4385 981 4443 Corn.
1007 4382 1091 4441 Celso
1118 4381 1145 4440 al
1169 4378 1219 4438 cel.
1233 4375 1327 4439 Abate

197 4470 290 4534 Girol.
312 4470 488 4532 Tirabosebi.
509 4471 593 4531 Rom.
606 4467 697 4536 1779.
708 4468 738 4532 8.
753 4502 795 4516 -
815 4469 1021 4533 Germanum.
1036 4486 1116 4531 comi.
1127 4464 1164 4526 I..
1174 4467 1221 4526 sub
1235 4465 1328 4525 titudo:
