2874 4974
194 293 236 358 14
626 298 783 362 Literatura
804 302 919 360 medica.

234 451 366 513 11111111.
408 449 590 529 Khuigsberg
615 447 706 514 1792.
731 448 761 514 8.
782 486 826 500 -
847 454 971 530 Ejussd.
997 454 1123 516 Zusitae
1151 457 1210 517 und
1236 457 1358 518 Verbes-

234 557 375 614 serungen
395 556 431 594 zu
459 538 549 596 seiuer
576 556 684 615 pragm.
706 537 762 596 Lit.
787 539 816 602 d.
840 539 917 601 Med.
939 538 1080 616 Kbuigsb.
1106 534 1198 602 1796.
1223 536 1254 606 8.
1287 556 1359 626 (sa-

237 620 347 674 cundum
367 616 560 671 Blumenbachii
582 618 798 675 introductionem
823 627 851 675 11
872 620 973 675 Halleri
997 621 1169 677 bibliothecas
1192 623 1360 696 compilatum

235 705 301 758 cpus
319 687 364 742 rix
380 687 465 741 adhuc
482 687 592 754 alicujus
609 693 692 757 usur.)

191 761 287 822 Pierre
308 761 379 819 Sue
399 779 448 817 sur
469 760 497 818 la
520 760 722 840 bibliographie
744 760 888 822 medicale.
931 761 1010 820 Paris
1032 756 1125 829 1796.
1151 758 1181 824 8.

191 846 231 908 Ι).
253 845 394 904 Villars
415 846 486 904 essai
508 847 545 904 de
565 846 722 906 litterature
747 847 892 909 medicale.
937 848 1112 924 Strasbourg
1134 843 1225 908 1811.
1248 842 1281 913 8.

189 932 238 993 Jo.
261 931 348 1010 Bapt.
374 929 586 990 Monfalcon
611 933 702 1010 precis
723 933 760 989 dc
780 931 913 991 l'histoirc
936 934 973 991 de
993 932 1022 991 la
1046 933 1191 992 medeciue
1212 940 1242 992 et
1263 933 1302 993 de
1316 935 1359 994 bi-

232 1015 409 1094 bliographie
432 1015 581 1092 medicale,
613 1021 766 1075 contenant
789 1016 962 1074 l'indication
982 1023 1011 1076 ct
1031 1017 1059 1075 la
1086 1016 1281 1078 classificatiou
1307 1020 1358 1079 des

233 1119 374 1177 ouvrages
412 1099 452 1158 les
487 1099 642 1180 1111111111,
681 1100 707 1160 11
739 1101 801 1178 plus
838 1101 935 1173 utiles,
968 1101 995 1160 la
1020 1102 1189 1180 description
1221 1104 1272 1161 des
1297 1104 1358 1164 edi·

233 1187 307 1245 tiens
331 1203 410 1243 rares
438 1205 476 1243 ou
506 1185 545 1243 du
569 1186 632 1245 luxa
658 1192 687 1244 et
712 1187 763 1244 des
788 1187 1008 1245 considerations
1032 1205 1080 1245 sur
1108 1187 1148 1246 les
1173 1187 1265 1261 solus,
1301 1207 1358 1266 que

232 1272 373 1330 demanda
393 1270 420 1327 la
443 1272 635 1330 conservation
668 1272 718 1329 des
752 1271 963 1346 bibliotheques.
1017 1270 1095 1330 Paris
1121 1267 1214 1332 1826.
1240 1268 1290 1332 18.
1315 1284 1359 1320 “-

233 1353 291 1414 Ea.
306 1356 408 1413 altera:
433 1352 526 1413 Prdcis
552 1358 588 1415 de
610 1356 811 1435 bibliographie
831 1357 984 1433 medicale,
1013 1361 1164 1415 contenant
1184 1357 1357 1417 l’indicaticn

233 1447 262 1500 et
283 1439 310 1499 la
333 1439 530 1499 classification
551 1443 601 1500 des
623 1461 761 1517 ouvrages
784 1442 824 1500 les
849 1440 996 1513 meilleurs,
1019 1441 1046 1501 le
1066 1441 1130 1519 plus
1151 1441 1243 1512 utiles,
1267 1443 1357 1502 lade·

231 1525 367 1603 scription
391 1526 441 1583 des
466 1525 549 1583 livres
575 1528 612 1584 de
642 1526 705 1584 luxa
732 1533 761 1585 et
789 1527 839 1585 des
866 1526 987 1584 11111111
1008 1544 1101 1600 rates,
1140 1533 1169 1585 11
1192 1527 1242 1585 des
1265 1527 1357 1588 tahles

231 1629 305 1690 pour
335 1609 422 1669 servir
455 1610 473 1668 a
503 1608 637 1667 l’histcire
665 1611 702 1667 de
725 1610 752 1667 la
772 1612 924 1670 medecina.
968 1611 1047 1671 Paris
1068 1605 1160 1677 1827.
1186 1607 1236 1671 18.
1280 1625 1352 1692 (οή,

232 1693 347 1762 Allgem.
369 1690 461 1746 medic.
478 1691 579 1746 Arsaci.
598 1688 674 1746 1827.
697 1690 725 1747 S.
744 1689 835 1755 1619.)

467 1808 549 1905 B.
593 1808 794 1906 Labra
819 1810 1075 1907 medici.

189 1962 332 2025 Paschalis
354 1962 484 2021 Gallus
505 1963 673 2024 bibliotheca
696 1965 805 2024 medica
833 1967 891 2024 sire
916 1966 1062 2042 catalogus
1087 1962 1212 2042 illorum,
1244 1966 1294 2042 qui
1322 1985 1357 2027 ex

232 2050 359 2130 professo
381 2053 469 2108 artem
490 2051 625 2108 medicam
646 2050 675 2107 11
691 2049 766 2109 1111
787 2070 877 2126 usque
907 2070 1009 2108 aunum
1035 2049 1145 2126 scriptis
1170 2050 1355 2126 illustrarunt,

232 2152 333 2211 nempe
357 2134 427 2208 quid
450 2135 626 2213 scripserint,
663 2134 727 2210 ubi,
762 2153 818 2210 qua
841 2136 948 2207 forma,
983 2153 1076 2210 quove
1097 2141 1224 2214 tempore
1251 2137 1357 2216 scripta

233 2237 335 2277 excusa
359 2224 409 2277 aut
432 2221 621 2297 manuscripta
644 2218 808 2280 habeantur.
851 2219 937 2281 Basil.
965 2215 1055 2280 1590.
1084 2214 1114 2277 8.

189 2303 275 2363 lsrael
297 2304 318 2360 S
325 2303 410 2380 pach
432 2305 624 2362 nomenclator
648 2304 813 2382 scriptorum
834 2305 1023 2384 medicorum,
1043 2304 1071 2361 h.
1097 2323 1121 2366 e.
1147 2302 1278 2363 elenchus
1306 2323 1356 2364 eo·

231 2407 303 2460 rum,
333 2389 379 2462 qui
408 2395 496 2449 artem
520 2390 657 2449 medicam
678 2391 735 2447 suis
760 2391 869 2468 scriptis
891 2389 1074 2466 illustrarunt,
1098 2390 1251 2448 secundum
1276 2388 1356 2449 lucos

231 2466 391 2532 communes
414 2473 500 2552 ipsius
524 2475 687 2535 medicinae.
731 2474 861 2534 Francos.
888 2469 980 2533 1591.
1005 2469 1034 2538 8.

189 2558 234 2618 Jc.
260 2558 358 2633 Gccrg
380 2557 520 2619 Schenk
546 2559 631 2617 biblia
663 2559 763 2633 jatrica
788 2579 811 2621 s.
843 2559 1011 2618 bibliotheca
1044 2558 1161 2616 medica.
1221 2554 1355 2617 Francos.

233 2637 325 2703 1699.
347 2636 379 2699 8.
424 2648 544 2716 (Ordine
565 2648 763 2718 alphabetico.)

188 2727 234 2785 Jc.
255 2727 414 2785 Antorides
435 2748 503 2788 van
529 2730 588 2787 der
610 2728 753 2786 Linden
779 2727 816 2786 de
840 2728 948 2805 scriptis
973 2725 1087 2784 medicis
1108 2725 1171 2784 libri
1192 2725 1259 2784 duo.
1282 2724 1356 2794 Qui·

232 2810 285 2869 bus
309 2812 495 2888 praemittitur
515 2813 696 2872 manuductio
719 2814 757 2870 ad
781 2813 954 2870 medicinam.
1009 2808 1163 2872 Amstelod.
1196 2803 1290 2873 1637.
1322 2806 1354 2870 8.

231 2892 377 2953 Editioner
400 2904 508 2955 auctae:
532 2895 648 2956 Amstel.
671 2891 763 2958 1651.
785 2892 826 2973 8.,
847 2897 913 2958 ibid.
930 2891 1021 2956 1662.
1037 2890 1067 2953 8.
1091 2898 1258 2965 (Secundum
1272 2916 1355 2969 prae·

232 2984 365 3037 nominum
375 2987 495 3039 ordinem
511 2986 723 3054 alphabeticum
744 2985 915 3037 manuductio
937 2985 1017 3036 deest
1036 2983 1064 3035 in
1087 2984 1205 3036 secunda
1222 2987 1251 3036 et
1269 2984 1357 3038 tertia

232 3069 378 3137 editione.)
409 3100 452 3111 --
486 3066 587 3127 Editio
614 3067 757 3145 posthanc
788 3066 930 3125 11111οά111
962 3070 1057 3122 artata:
1103 3063 1211 3140 Georg.
1244 3061 1354 3129 Abrah.

230 3147 410 3208 Mercklin
443 3149 597 3210 Lindenius
620 3157 778 3210 renovatus.
832 3149 959 3209 Norimb.
985 3143 1077 3207 1686.
1105 3144 1151 3226 4.,
1185 3164 1244 3206 cam
1266 3149 1358 3208 radio

230 3252 319 3292 raom
342 3236 388 3292 rob
408 3237 502 3297 naulo:
527 3237 564 3297 G.
585 3233 623 3299 A.
648 3235 825 3298 Merclrlin
846 3251 982 3312 cynosura
1007 3233 1117 3291 medica
1140 3232 1199 3292 sive
1221 3233 1260 3292 de
1287 3235 1356 3292 scri·

230 3320 286 3398 ptis
308 3320 421 3378 medicis
441 3320 512 3378 liber
535 3321 690 3392 secundus,
724 3319 962 3397 comprehendens
987 3319 1106 3376 iudicem
1126 3336 1220 3376 rerum
1240 3322 1271 3376 et
1294 3338 1356 3378 ma·

229 3405 362 3462 teriarum
386 3407 461 3464 med.
483 3411 538 3464 etc.
581 3405 708 3467 Norimb.
736 3400 826 3464 1686.
849 3401 878 3462 4.
913 3415 1001 3481 (Haec
1015 3413 1355 3470 Mercklinianaeditioad-

231 3486 333 3537 modum
350 3485 481 3542 laudabile
498 3504 564 3557 opus
580 3486 650 3541 sistit
667 3493 694 3540 et
712 3485 789 3539 hodie
804 3485 891 3539 adhuc
908 3500 1021 3536 summae
1038 3482 1181 3552 utilitatis.)

189 3553 302 3614 cornel.
337 3575 355 3614 a
386 3559 567 3635 Beughem
598 3559 803 3636 bibliographia
835 3558 944 3615 medica
968 3562 997 3614 et
1028 3555 1153 3633 physica.
1196 3551 1356 3620 Amstelod.

233 3634 324 3699 1681.
347 3634 398 3702 12.
432 3648 546 3715 (Libros
560 3648 759 3699 11111113.
774 3647 808 3699 au
826 3646 945 3712 11111,
963 3644 1153 3714 parumtauats
1165 3643 1357 3715 statuerat.)

188 3721 273 3787 biart.
298 3721 473 3801 Lipenius
495 3727 664 3786 bibliotheca
683 3727 765 3785 realis
788 3727 896 3785 medica
917 3727 1040 3783 omnium
1064 3724 1241 3783 materiarum
1260 3744 1357 3785 rerum

231 3815 260 3867 et
281 3808 424 3868 titulorum
444 3811 472 3870 in
495 3812 625 3875 universa
647 3812 785 3871 medicina
812 3811 1019 3880 occurentium,
1054 3809 1153 3868 ordine
1177 3809 1356 3888 alphabetico

230 3894 374 3973 disposita.
416 3894 548 3955 Francos.
574 3916 599 3959 a.
620 3896 660 3959 M.
693 3891 784 3956 1679.
815 3896 835 3953 f.
890 3906 966 3974 (Non
984 3906 1065 3960 solum
1083 3907 1117 3959 de
1133 3905 1277 3974 medicina,
1307 3908 1357 3962 sed

232 3974 310 4028 ctiam
328 3975 362 4028 de
378 3975 526 4047 theologica
544 3983 571 4031 et
586 3977 700 4046 juridica
717 3984 744 4030 11
758 3977 935 4046 philosophica
954 3975 1092 4045 disciplina
1102 3975 1198 4028 similes
1208 3977 1357 4045 conposuit

232 4044 377 4112 catalogos,
394 4062 484 4114 parum
502 4047 565 4101 fidei
582 4047 716 4112 11111111,
735 4048 785 4101 cfr.
804 4047 887 4100 Ehert
905 4047 1029 4117 bibliogr.
1048 4045 1139 4100 herilo.
1157 4043 1194 4100 N.
1214 4044 1321 4115 laona.)

187 4114 226 4176 Η.
246 4114 366 4175 Lohalm
387 4117 507 4195 Meyer
532 4120 736 4197 bibliographia
759 4118 1010 4196 physico-medica,
1036 4118 1088 4176 das
1107 4118 1159 4175 ist:
1188 4117 1356 4177 historische

229 4198 421 4279 Abhandluug
434 4205 516 4262 decer
532 4205 728 4264 rornehmsten
741 4204 960 4281 physicalischen
983 4205 1042 4261 und
1063 4202 1278 4261 medicinischen
1295 4203 1357 4261 Bir-

231 4287 307 4364 oher,
328 4286 432 4346 welche
445 4309 501 4348 ron
523 4289 631 4350 uralteu
651 4290 752 4348 Zeiten
771 4289 823 4347 her
843 4291 885 4348 bis
898 4291 1015 4348 aufuns
1029 4287 1210 4365 geschriebeu
1226 4288 1356 4351 siudetc.

229 4367 385 4448 Lineburg
407 4367 498 4436 1704.
524 4369 575 4435 12.
617 4385 730 4453 (Ordine
751 4388 939 4456 systematico,
974 4385 1103 4441 interdum
1119 4383 1210 4440 brevia
1227 4386 1262 4442 da
1281 4384 1356 4440 libris

192 4494 195 4499 .
227 4447 327 4518 judicia
343 4452 521 4524 adjiciuntur.)
