2874 4974
188 286 252 354 126
349 259 355 269 ’
626 299 750 358 samaa
776 297 919 358 mann.

231 449 354 510 ctricitit
378 451 438 510 und
468 451 519 511 der
545 457 680 511 nenasten
712 451 872 523 Versnthe,
905 452 953 512 die
979 451 1008 511 in
1036 449 1129 511 «heser
1154 452 1361 516 Wrsserrschatt

231 536 363 610 gemacht
383 537 496 595 worden
517 538 589 595 sind.
621 537 675 596 Mit
696 538 765 616 Kpl.
794 533 898 601 tude.
930 536 1028 615 Leipz.
1051 532 1360 605 178217888-

235 619 310 678 Tom.
334 619 376 680 ΙΙ.
395 623 475 680 hahet
491 623 611 680 litudwm
652 622 778 682 Versuch
803 624 879 681 einer
898 622 1105 698 vollsthndigen
1127 623 1296 685 Gachiehte
1309 625 1361 684 der

230 707 443 765 medicinischen
474 707 653 768 Electricit'at.
684 742 721 751 —
754 707 943 766 continuatio:
979 706 1106 767 Neueste
1133 708 1359 787 Entdeclrungen

230 790 259 847 in
283 792 335 850 der
355 792 576 871 physilralischen
596 794 655 852 und
677 793 889 853 medicinischcn
902 792 1083 854 Electridtit.
1105 793 1239 873 hlithl.
1260 791 1361 854 tado.

230 873 328 954 Leipz.
352 872 443 938 1796.
467 872 557 940 1797.
583 873 612 937 8.

187 959 282 1021 Pierre
306 963 376 1020 Sne
401 960 441 1039 (le
456 961 554 1042 jeune)
579 962 695 1021 histoire
720 963 759 1020 du
783 962 954 1039 galvanisme
975 968 1005 1020 et
1025 961 1140 1040 analyse
1160 963 1211 1022 des
1226 963 1360 1022 differens

231 1065 370 1123 ouvrages
391 1047 501 1124 publiea
522 1066 570 1106 aur
590 1054 665 1107 cette
687 1047 869 1121 deconverte,
897 1048 997 1127 depuis
1021 1065 1074 1106 ron
1099 1048 1207 1124 orig'me
1223 1048 1320 1125 jusqn'
1342 1050 1361 1108 ic

231 1149 265 1189 ce
280 1132 355 1206 jour.
378 1132 440 1190 Vol.
454 1132 474 1189 l.
487 1132 523 1193 ll.
548 1132 625 1191 Paris
638 1128 728 1198 1802.
748 1167 791 1177 —-
814 1131 941 1193 Genaua.
967 1139 1033 1196 oert.
1056 1137 1082 1189 et
1102 1133 1292 1192 additamenta
1313 1133 1360 1192 de-

231 1214 327 1274 derunt
347 1216 394 1277 Jo.
413 1217 480 1276 Chr.
494 1217 568 1295 Aug.
594 1218 723 1276 Clarus
744 1224 773 1277 et
792 1218 838 1282 Jo.
854 1219 919 1278 Chr.
933 1216 1024 1296 Leop.
1041 1217 1237 1277 Rcinhold:
1260 1217 1360 1299 Leipz.

232 1295 326 1363 1803.
360 1297 390 1361 8.
440 1303 507 1360 Vult.
541 1303 582 1361 ΙΙ.
617 1303 688 1363 Cum
712 1305 790 1382 figg.
816 1324 875 1364 aera.
922 1308 1032 1377 (Verrio
1063 1324 1148 1376 germ.
1178 1315 1258 1361 reate
1280 1326 1361 1380 prae-

231 1383 315 1435 lertur
332 1383 439 1438 editioni
454 1383 595 1452 Gallicae.)

189 1452 282 1514 Franz
308 1456 404 1519 Heinr.
437 1457 598 1517 Martens
623 1456 812 1533 vollstimdige
838 1452 1012 1533 Anaeisung
1038 1475 1090 1514 zor
1116 1456 1361 1536 therapeutiachen

230 1536 419 1618 Anwendung
443 1543 494 1600 des
516 1544 727 1614 Galvanismus,
756 1543 838 1600 nebst
866 1543 942 1600 einer
967 1540 1135 1600 Geschichta
1158 1541 1310 1602 desselben
1332 1544 1362 1603 in

230 1625 361 1686 Hinsicht
382 1628 435 1685 auf
451 1627 645 1687 medicinische
666 1625 862 1702 Anwendung.
908 1625 1088 1685 Weissensets
1111 1621 1202 1686 1803.
1228 1622 1258 1687 8.

187 1711 296 1771 Friedr.
317 1709 418 1776 Ludw.
440 1708 620 1789 Augustin
648 1712 775 1770 Versuch
796 1713 871 1771 einer
895 1712 1104 1787 vollstindigen
1131 1711 1361 1788 systematiachen

231 1796 400 1855 Geschichte
423 1798 475 1855 der
496 1796 692 1874 galvanischen
714 1798 887 1857 Electricitit
903 1798 963 1856 nnd
978 1797 1054 1855 ihrer
1071 1797 1287 1857 medicinischen
1302 1796 1363 1856 An-

230 1882 380 1957 wendnng.
418 1881 511 1940 Berlin
535 1878 625 1941 1803.
647 1877 677 1940 8.

189 1965 264 2025 John
290 1967 452 2026 Bostoclr
477 1973 596 2026 account
621 1968 656 2025 of
671 1968 720 2027 the
741 1966 848 2045 history
871 1966 929 2026 and
951 1964 1000 2026 the
1018 1971 1133 2045 present
1156 1970 1231 2026 state
1252 1967 1289 2026 of
1302 1966 1363 2046 gal·

230 2051 346 2110 vanism.
388 2047 660 2115 1011118188..

469 2295 522 2369 a
613 2268 1083 2369 chemin

539 2493 627 2560 aa.
664 2472 1009 2561 Ganarotim·

188 2672 332 2734 Robertus
356 2668 544 2730 Vallensis
566 2669 603 2728 de
627 2667 745 2727 veritate
766 2671 796 2726 et
820 2665 988 2742 antiquitate
1007 2662 1073 2722 artis
1093 2660 1234 2722 chemioae
1250 2666 1281 2722 et
1297 2660 1360 2740 pnl-

230 2759 302 2818 veris
323 2776 346 2818 s.
368 2756 521 2814 medicinae
542 2753 772 2831 philosophorum
798 2751 842 2809 vel
862 2752 921 2809 auri
942 2748 1074 2830 potabilis
1086 2753 1139 2811 etc.
1165 2747 1254 2809 Paris.
1268 2742 1358 2807 1561.

231 2839 280 2905 16.
301 2840 398 2917 Lugd.
425 2840 490 2898 Bat.
516 2834 606 2898 1593.
632 2833 661 2900 8.
697 2837 781 2895 Basil.
795 2831 886 2895 1602.
904 2830 934 2894 8.
967 2834 1040 2893 Cum
1065 2833 1163 2911 Chrys.
1185 2832 1304 2891 Fanian.
1325 2833 1362 2891 de

230 2933 291 2987 arte
307 2925 408 2984 metall.
425 2924 609 3001 metamorph.
630 2921 872 2998 Montisbeligardi
884 2915 977 2982 1602.
988 2914 1018 2979 8.
1029 2950 1072 2963 -
1082 2918 1179 2982 Rarus.
1189 2921 1221 2976 in
1241 2917 1359 2978 lheah.

231 3013 319 3072 chem.
344 3009 463 3086 Argent.
491 3005 580 3067 1613.
604 3004 633 3066 8.
659 3008 743 3068 Tom.
765 3006 788 3065 l.

187 3099 233 3159 Jo.
258 3097 421 3155 Francus
443 3095 479 3152 de
507 3100 568 3152 arte
595 3093 720 3169 chymica
748 3092 866 3169 ejusque
887 3088 1040 3148 cultoribus
1068 3088 1205 3168 epistolae
1228 3093 1360 3164 quatuor.

230 3183 362 3241 Budissin
384 3175 476 3242 1610.
497 3175 527 3238 4.

188 3269 277 3330 Olaua
298 3265 508 3327 Borrichins
534 3261 601 3337 (Ole
628 3260 722 3320 Borch
748 3280 770 3319 s.
800 3280 856 3319 von
883 3259 1024 3329 Borchen)
1061 3257 1098 3317 de
1129 3261 1195 3315 ortu
1230 3260 1261 3314 et
1293 3275 1360 3335 pro-

230 3373 330 3432 gressu
352 3352 474 3411 chemiae
499 3350 565 3411 diss.
588 3347 675 3406 Hafa.
696 3343 787 3406 1668.
809 3342 839 3407 4.
856 3357 921 3418 (Pro
943 3355 1058 3409 chemise
1075 3359 1208 3408 uetustate
1225 3358 1254 3407 et
1272 3354 1360 3408 elohe-

230 3436 282 3491 mia
300 3441 391 3488 contra
422 3434 509 3487 llerm.
536 3429 720 3497 conringium,
739 3427 782 3498 qni
801 3427 931 3480 ediderat:
951 3427 984 3479 dc
1007 3424 1151 3478 hermetioa
1166 3425 1361 3494 Aegyptiorum

230 3513 318 3558 uetera
335 3503 472 3557 medicina.
499 3501 609 3555 Helmst.
629 3498 704 3554 1648.
723 3497 763 3563 4.,
782 3497 861 3550 editio
880 3496 964 3549 altera
982 3510 1039 3548 oum
1056 3491 1224 3563 responsione
1241 3492 1278 3546 ad
1295 3493 1362 3546 Bor-

230 3572 306 3626 richii
324 3570 498 3639 objectionem
524 3568 634 3624 Helmst.
655 3566 731 3623 1669.
749 3567 786 3634 4.)

187 3682 232 3694 -
254 3678 298 3690 -
322 3644 474 3721 Humatis,
505 3640 710 3720 Aegyptiorum
736 3644 765 3699 et
790 3638 975 3697 chemicornm
1000 3653 1031 3694 sa
1051 3634 1137 3693 ientia
1153 3633 1190 3692 ab
1206 3633 1362 3694 Hermanni

230 3729 375 3805 conringii
397 3727 682 3786 animadversionibus
707 3725 854 3784 vindicata.
881 3722 968 3785 Hafa.
985 3655 1076 3781 1614.
1088 3715 1117 3778 4.
1134 3723 1206 3791 (Cir.
1221 3741 1287 3794 pag.
1302 3723 1361 3791 68.)

189 3851 232 3864 --
255 3847 299 3858 —-
324 3813 499 3892 Conspectus
526 3811 690 3888 scriptorum
718 3809 902 3869 chemicorum
932 3805 1077 3865 illustrium
1106 3804 1216 3862 libellus
1241 3805 1363 3883 posthu-

230 3919 300 3958 mus.
344 3900 416 3957 Cum
441 3898 498 3955 vita
519 3896 649 3955 auctoris.
718 3895 804 3958 Haln.
830 3888 921 3953 1607.
943 3889 972 3954 4.
995 3925 1035 3935 -
1062 3888 1158 3948 Recta.
1179 3892 1211 3947 io
1232 3889 1362 3966 Mangeti

231 3984 401 4045 bibliotheca
421 3982 541 4041 chemica
562 3981 598 4040 T.
620 3979 643 4042 1.
664 3998 694 4044 n.
715 3975 745 4038 2.
782 3984 853 4052 (Cir.
872 3982 1031 4035 Schmieder
1048 3978 1150 4032 Gesch.
1171 3978 1200 4031 d.
1222 3978 1362 4033 Alchemie

189 4065 505 4220 (ldagtddillmLinck)
528 4133 657 4212 Epistola
684 4132 783 4210 gratul.
809 4132 855 4190 ad.
885 4130 949 4189 Car.
981 4130 1047 4189 Glo.
1069 4127 1157 4188 Klihn
1182 4127 1221 4188 de
1245 4128 1361 4189 historia

229 4224 426 4299 nonnullisque
451 4220 639 4278 instrumentis
661 4218 793 4280 chemiae.
841 4215 921 4296 Lips.
942 4209 1034 4280 1783.
1046 4208 1077 4276 4.

190 4311 263 4374 Gnil.
292 4317 353 4369 ten
375 4308 500 4384 Rhyne
522 4305 558 4363 de
580 4305 702 4363 chemiae
723 4309 752 4362 et
779 4303 926 4362 botanicae
956 4299 1125 4379 antiquitate
1155 4303 1185 4358 et
1212 4296 1360 4376 dignitate.

231 4395 326 4457 Lond.
352 4389 442 4454 1683.
465 4387 493 4452 8.
524 4401 629 4472 (Oratio
652 4400 764 4456 aditialis
785 4401 838 4470 jam
857 4398 925 4458 1674
943 4398 1043 4467 habita,
1060 4414 1153 4453 recusa
1169 4413 1227 4452 oum
1245 4395 1311 4453 dira.
1329 4396 1362 4448 de

233 4475 379 4543 arthritide,
397 4490 466 4545 quaa
477 4472 527 4528 hoc
544 4473 561 4532 l.
580 4491 603 4528 e.
622 4489 646 4528 a.
666 4471 785 4545 prodiit.)
