2874 4974
137 307 160 370 4
477 308 602 370 Historia
626 309 778 369 medicinae
803 307 973 368 universalis.

181 459 225 512 hic
242 458 269 512 in
288 459 402 512 Arabum
416 458 543 512 medicina
567 458 699 512 haesitans
722 475 788 529 opus
809 475 861 512 non
885 457 920 512 ad
942 456 1020 510 finem
1036 454 1168 538 perduxit.
1204 454 1305 510 Similia

181 528 231 581 sibi
248 535 437 598 proposuerant
453 527 600 594 reinerius,
617 528 732 593 Welsch,
750 527 843 596 Aegid.
861 527 983 594 Menage,
1002 525 1067 580 Phil.
1086 526 1177 578 Labbe
1195 525 1264 593 alii.)

137 601 263 661 Edward
288 601 455 659 Milward
477 601 591 660 circular
611 602 693 659 letter
715 602 840 676 desiring
861 601 1014 657 assistance
1035 600 1063 656 in
1092 599 1244 677 compiling
1268 616 1307 656 an

179 687 286 762 history
308 686 342 742 of
358 686 481 763 physick.
515 685 608 744 Lond.
631 681 722 746 1740.
748 681 778 743 8.
806 689 945 757 (Historia
958 688 1019 756 ipsa
1028 705 1162 756 nunquam
1173 687 1304 756 prodiit.)

138 769 243 833 Auton,
260 771 390 828 German.
418 772 458 829 de
479 768 651 829 Albertiz
677 771 847 847 prodromos
861 769 1028 828 recensionis
1049 769 1159 827 criticae
1173 768 1306 827 historiae

179 856 319 926 medicae,
352 875 415 913 cum
448 854 733 913 animadversionibus
760 855 920 912 anatomicis
952 862 981 912 et
1010 855 1147 932 practicis.
1202 853 1304 911 Vienu.

178 938 273 1001 Austr.
296 933 390 998 1765.
413 934 442 998 8.
486 951 572 1021 (Opus
589 952 682 1020 majus,
700 952 742 1004 cui
760 952 911 1020 prodromus
929 966 986 1002 esse
1004 951 1117 1002 debebat
1133 948 1175 1002 hic
1192 947 1304 1014 libellus,

180 1037 311 1088 nunquam
328 1019 412 1072 lucem
429 1019 511 1083 vidit3
529 1019 618 1089 aliqua
634 1021 662 1073 in
679 1021 729 1074 hoo
746 1020 923 1089 dijudicantur
932 1019 1003 1071 circa
1012 1018 1163 1072 medicinam
1175 1017 1303 1072 vetustis·

177 1089 268 1143 εἱωαιιι
285 1096 348 1142 anta
364 1089 457 1160 Hipp.)

343 1223 414 1322 0.
467 1225 693 1346 opero
728 1226 1095 1347 acueram.

136 1379 201 1441 Joh.
223 1379 385 1438 Bozerus
407 1399 517 1440 carmen
539 1383 576 1440 de
602 1381 709 1456 origine
731 1386 759 1440 et
780 1401 930 1460 progressu
952 1383 1019 1439 artis
1044 1380 1177 1438 medicae.
1223 1377 1304 1437 Vita

179 1466 257 1541 berg.
280 1460 397 1543 (1557.)
424 1461 515 1525 1577.
541 1463 570 1525 4.
615 1471 745 1536 (Carmen
768 1469 1050 1538 congratulatorium.)

137 1549 211 1609 Guil.
238 1549 463 1608 Gratarolus
499 1551 536 1607 de
571 1550 701 1608 laudibus
737 1552 891 1608 medicinae
920 1557 949 1609 et
970 1553 1010 1608 rei
1031 1549 1202 1629 plantariae,
1242 1546 1303 1621 ejus

178 1635 295 1709 origine,
317 1653 469 1714 progressu
493 1642 547 1696 etc.
590 1631 708 1709 Argeut.
732 1630 823 1693 1563.
850 1631 881 1697 8.

136 1719 180 1778 Jo.
203 1718 323 1794 Philipp.
346 1719 535 1777 Protensis
557 1720 593 1776 de
610 1725 685 1792 ortu,
711 1730 872 1798 progressu,
895 1719 1027 1794 subjectis
1044 1724 1072 1776 et
1087 1717 1213 1798 partibus
1235 1715 1303 1774 artis

178 1803 310 1863 medicae.
353 1802 440 1866 Hafn.
460 1796 551 1865 1572.
576 1798 605 1862 8.

136 1887 181 1949 Jo.
207 1885 397 1945 Jessenins
418 1907 436 1945 a
457 1886 587 1945 Jessen
622 1888 796 1968 (Jessenslr)
829 1908 925 1966 progr.
955 1889 992 1945 de
1012 1887 1165 1945 medicinae
1187 1889 1252 1944 ortu
1273 1889 1303 1942 et

177 1990 329 2048 progressu
351 1991 404 2029 nec
430 1991 487 2030 uon
513 1971 593 2029 claris
618 1973 741 2031 medicis.
784 1968 991 2034 Viteb.1600.
1013 1967 1042 2029 4.

134 2055 219 2115 Mich.
245 2055 387 2131 Diiring
419 2058 456 2114 de
486 2057 624 2114 medicina
660 2064 688 2114 et
719 2058 833 2115 medicis
866 2059 998 2116 adversus
1030 2054 1239 2131 jatromastigas
1273 2054 1303 2109 et

176 2139 383 2218 pseud-iatros
408 2142 428 2202 l.
447 2139 485 2197 ll.
527 2141 560 2199 ln
581 2141 682 2216 quibus
696 2161 755 2200 uon
772 2142 862 2200 solum
878 2142 1030 2216 generatim
1045 2141 1198 2197 medicinae
1209 2136 1301 2212 origo,

176 2244 356 2303 progressus,
378 2226 500 2302 dignitas
524 2235 578 2284 etc.
601 2226 740 2298 asseritur,
763 2229 812 2285 sed
836 2227 918 2285 etiam
941 2225 1128 2304 particulatim
1148 2230 1207 2281 tam
1228 2222 1303 2300 Hip-

176 2311 335 2390 pocraticaa
356 2315 385 2368 et
407 2310 556 2369 Galenicae
576 2312 763 2390 praestantia,
786 2331 871 2387 quam
898 2311 1058 2388 empiricae‚
1080 2310 1221 2384 magicae,
1243 2325 1303 2364 me-

173 2395 306 2454 thodicae
337 2399 367 2453 et
401 2394 589 2456 Pacacelsicae
622 2415 688 2454 usus
720 2402 808 2472 atque
842 2397 945 2454 abusus
981 2395 1127 2453 excutitur.
1185 2392 1303 2450 Giessac

125 2483 128 2490 '
175 2479 294 2540 Hassor.
318 2473 411 2539 1611.
434 2475 466 2538 8.

131 2564 178 2627 Jo.
200 2561 372 2622 Neander
392 2564 599 2639 antiquissimae
623 2569 652 2624 et
683 2563 870 2621 nobilissimae
901 2563 1055 2622 medicinae
1079 2562 1220 2634 natalitia,
1255 2579 1302 2618 se-

175 2654 237 2707 ctae
259 2666 410 2723 earumque
431 2648 543 2725 placita,
571 2654 631 2705 tum
654 2647 713 2723 ejus
736 2655 910 2724 catacrypses
934 2667 967 2705 ac
989 2648 1191 2706 instauratores
1212 2651 1241 2704 et
1262 2645 1302 2702 ad

174 2733 244 2791 haec
267 2738 365 2790 nostra
387 2751 476 2808 usque
498 2738 626 2809 tempora
646 2739 852 2810 propagatores
874 2753 936 2790 cum
962 2732 1082 2790 historiis
1108 2751 1214 2804 corum,
1235 2729 1301 2787 vitis
1347 2760 1353 2770 ·

175 2834 208 2874 ac
230 2817 346 2894 scriptis.
400 2811 689 2875 Bremae1623·4·
733 2829 831 2895 (Rarus
842 2830 950 2882 sednon
971 2830 1105 2882 admodum
1124 2831 1207 2882 bonae
1221 2833 1302 2881 notae

175 2896 250 2962 liber,
269 2914 326 2949 curn
342 2896 417 2950 nimis
434 2898 513 2951 multa
531 2896 670 2967 peregrina
689 2903 716 2949 et
733 2897 903 2968 particularia
922 2899 1072 2965 contineat.)

131 2967 232 3029 Daniel
252 2969 419 3029 Bechher
444 2971 533 3030 oratio
560 2971 596 3028 dc
624 2970 776 3028 medicinae
798 2990 957 3048 progressu.
1001 2971 1098 3028 Patav.
1122 2964 1213 3028 1646.

132 3052 291 3113 Godosred.
318 3054 480 3113 Moebius
506 3056 572 3112 diss.
596 3055 632 3112 de
662 3054 815 3112 medicinae
843 3055 988 3132 natalitiis,
1019 3055 1183 3113 defiuitione
1204 3057 1233 3111 et
1255 3053 1300 3110 di-

173 3139 287 3197 visione.
331 3138 393 3197 Jen.
417 3134 508 3197 1651.
538 3134 569 3198 4.
617 3149 697 3215 (Vide
715 3152 819 3204 brevem
838 3168 942 3220 quoque
960 3151 1103 3205 medicinae
1120 3149 1299 3204 historiam'ln

174 3218 293 3288 Ejusd.
326 3219 513 3274 Fundamenta
529 3218 676 3271 medicinae
693 3220 887 3290 physiologica.
922 3220 980 3276 Jen.
999 3219 1074 3274 1657.
1097 3221 1134 3288 4.)

129 3291 245 3351 lverard
266 3291 515 3369 Mayuwaring
537 3291 661 3349 medicus
686 3292 832 3349 absolutus
857 3298 912 3354 etc.
935 3294 983 3352 the
1007 3295 1062 3351 rise
1083 3293 1140 3351 and
1165 3310 1300 3370 progress

172 3378 209 3436 of
223 3377 341 3456 physick
361 3377 546 3455 historically‚
580 3375 814 3455 chronologically
838 3377 896 3435 and
920 3376 1150 3456 physiologically
1178 3376 1300 3436 illustra·

172 3463 230 3519 ted.
274 3460 367 3525 Lond.
395 3457 486 3524 1668.
510 3457 542 3523 ll.

130 3543 320 3604 Liouardo
342 3546 377 3603 di
399 3547 523 3624 Capoa
546 3564 644 3623 parere
666 3546 785 3605 divisato
807 3546 835 3603 in
852 3550 914 3603 otto
932 3547 1144 3624 ragionamenti‚
1165 3545 1210 3604 ne'
1222 3545 1299 3622 quali

173 3631 371 3709 partitamente
395 3631 560 3688 narrandosi
580 3630 708 3704 l'origine
728 3649 745 3688 e
764 3623 783 3687 'l
807 3649 957 3708 progresso
990 3631 1064 3689 della
1096 3630 1249 3705 medicina,
1282 3650 1300 3690 e

174 3714 360 3773 chiaramonte
371 3716 388 3773 l’
399 3715 555 3774 incerteaza
565 3714 638 3772 della
648 3715 799 3772 medesima
816 3717 840 3772 si
856 3717 885 3773 fa
902 3717 1058 3774 manifesta.
1084 3714 1190 3794 Napoli
1206 3710 1298 3774 1681.

174 3794 407 3872 4.‚ib.1689.4.,
420 3801 454 3857 ib.
470 3794 559 3857 1695.
567 3795 598 3857 4.
609 3798 697 3871 (terna
707 3800 902 3877 impressione)
912 3822 920 3872 ;
932 3801 1060 3876 Cologna
1069 3797 1198 3879 [Napoli]
1207 3794 1298 3858 1714.

174 3878 204 3943 8.
230 3879 251 3940 2
273 3883 346 3942 Voll.
374 3919 417 3930 -
443 3885 528 3961 Angl.
554 3883 759 3942 Uncertainties
787 3887 822 3943 os
838 3887 888 3944 the
911 3892 955 3943 art
981 3887 1015 3943 os
1036 3884 1159 3963 physick.
1203 3883 1298 3944 Lond.

156 3960 268 4026 1684·
293 3963 323 4027 8·
367 3981 484 4048 (Contra
502 3980 570 4033 hunc
586 3981 613 4033 in
637 3981 750 4035 medicos
774 3983 936 4051 dogmaticos
958 3981 1083 4051 impetum
1106 3980 1212 4050 scripsit
1234 3980 1296 4041 Jcc.

175 4045 367 4117 Neapolitanus
385 4050 511 4104 Dominio.
530 4049 700 4104 Aulisius:
720 4052 939 4106 Comideraaioai
954 4068 1035 4119 sopra
1052 4052 1062 4103 ι’
1079 4053 1171 4120 pareri
1189 4052 1231 4102 aa
1243 4051 1297 4102 Ca·

174 4133 237 4185 poa,
256 4134 323 4186 quae
340 4136 404 4172 vero
422 4120 493 4189 typis
510 4135 639 4186 uunquam
657 4121 871 4188 excudebantur.)

132 4184 277 4247 Hermann
299 4190 467 4267 Conring
501 4195 528 4250 in
561 4193 715 4251 universam
746 4202 834 4253 artem
869 4192 1003 4249 medicam
1033 4190 1214 4267 singulasque
1237 4190 1298 4265 ejus

175 4280 270 4350 partes
299 4275 478 4334 introductio·
528 4276 714 4335 accesserunt
741 4278 785 4336 Jo.
809 4277 913 4337 Rhodii
945 4275 1118 4351 aliorumque
1150 4275 1299 4334 consimilis

135 4403 144 4411 ,
174 4360 333 4433 argumenti
354 4361 608 4421 commentationes.
662 4362 738 4421 Cura
765 4362 870 4422 Gunth.
900 4360 992 4437 Chph.
1016 4361 1297 4422 Schelhammer.

174 4441 347 4507 Helmestad.
368 4441 462 4508 1687.
473 4441 503 4506 4.
524 4476 568 4496 ι-
589 4446 692 4505 Antea:
716 4446 892 4508 Helmestad.
903 4440 995 4505 1654.
1012 4443 1044 4508 4.
1089 4456 1299 4529 (Methodologia
