2874 4974
137 293 198 361 168
582 294 723 355 Medicina
750 294 854 354 clinica.

179 447 314 526 siologiae
339 450 449 527 priscae
474 447 504 506 in
531 448 665 506 doctrinis
697 445 884 527 pathologicis
911 445 1060 523 dignitate.
1113 445 1248 506 Francos.
1269 447 1309 507 ad

179 534 277 630 l'iadr.
304 530 394 597 1805.
423 530 453 596 8.
487 537 582 606 (Circa
595 539 720 591 humores
734 536 886 590 cardinales
906 543 936 589 et
949 545 1162 607 temperamenta
1180 538 1210 590 in
1227 537 1309 591 scho-

138 613 212 750 add.
228 617 408 749 1111011100.
429 686 549 745 Fuchs
571 687 768 746 commentatio
797 687 1063 745 historico-medica
1085 686 1186 745 sistens
1218 703 1308 763 quae·

180 775 246 832 dam
287 774 323 831 de
367 773 494 830 doctrina
535 778 613 830 atrae
647 771 710 831 bilis
752 791 787 831 cx
828 773 1004 833 monimentis
1049 778 1175 831 aetnam
1216 777 1307 834 eruta.

178 851 383 917 tena01783.
408 851 439 918 4.

137 943 218 1003 Emil.
234 943 300 1006 Car.
316 941 391 1017 Aug.
407 940 512 998 Kiihu
531 940 599 1001 diss.
617 939 714 1016 inaug.
732 938 866 999 exhibens
883 941 985 1000 criseos
1000 941 1145 1001 notionem
1163 959 1198 999 ex
1214 943 1310 999 mente

179 1034 304 1086 veterum
328 1046 361 1084 ac
381 1026 574 1084 recentiorum.
608 1024 697 1084 Jenae
718 1020 809 1084 1804.
836 1022 866 1085 4.

137 1111 203 1174 Alb.
229 1131 296 1169 vau
318 1110 445 1170 Calcat
477 1110 619 1188 responsio
642 1111 680 1168 ad
707 1111 900 1186 quaestionem
921 1111 957 1169 ab
987 1110 1085 1169 ordine
1109 1110 1218 1169 medico
1237 1129 1308 1188 pro·

180 1198 313 1279 positam:
341 1196 527 1274 comparetur
551 1201 675 1253 veterum
701 1197 828 1253 doctriua
850 1216 911 1253 cum
934 1196 1118 1254 recentiorum
1139 1196 1248 1254 theoria
1270 1196 1308 1253 de

179 1282 234 1341 ista
253 1281 411 1355 affectione,
436 1300 510 1356 quae
529 1287 647 1339 vocatur
671 1281 837 1341 metastasis.
891 1280 1032 1339 ludicetur
1058 1282 1140 1357 dein,
1167 1299 1309 1356 quaenam

179 1385 214 1426 ex
237 1366 423 1443 opinionibus,
444 1383 515 1441 quas
540 1365 709 1423 recentiores
734 1365 834 1423 dehac
856 1384 887 1423 re
901 1366 1087 1444 protulerunt,
1109 1367 1308 1443 maximepro-

179 1450 278 1510 babilis
297 1450 441 1512 videatorl
469 1449 551 1517 Quae
574 1451 728 1528 praemium
749 1452 911 1527 reportavit
954 1449 1049 1526 Lugd.
1066 1453 1131 1512 Bat.
1153 1446 1260 1527 (188..)
1275 1445 1306 1514 8.

137 1532 201 1599 Nic.
224 1535 447 1594 Guarracino
468 1535 568 1611 saggio
595 1536 637 1592 sui
659 1536 801 1613 progressi
821 1535 1068 1612 ἀε11αεῇςιιιίοθ.’
1091 1530 1306 1614 Nap0111836.

137 1621 192 1686 lul.
218 1621 403 1680 Hosmann
430 1621 495 1678 diss.
518 1622 613 1695 inaug.
636 1621 673 1677 de
694 1621 838 1678 limitanda
863 1620 946 1679 laude
967 1621 1187 1680 auscultationis.
1218 1621 1307 1681 Prae-

179 1708 263 1766 missa
287 1712 331 1764 est
352 1706 442 1764 brevis
462 1706 544 1762 huius
571 1705 638 1762 artis
660 1706 786 1765 historia.
828 1704 906 1783 Lips.
931 1701 1020 1767 1836.
1042 1702 1072 1764 8.

136 1791 172 1855 C.
193 1791 229 1856 F.
251 1790 290 1854 11.
315 1791 412 1849 Marx
439 1791 561 1867 origines
582 1791 713 1866 contagii.
749 1790 899 1848 Carlsruhe
922 1799 952 1850 et
972 1791 1069 1849 Baden
1097 1785 1189 1856 1824.
1210 1787 1241 1854 8.
1263 1823 1308 1837 -

180 1876 303 1953 Ejusd.
325 1873 526 1932 Additamenta
546 1876 583 1933 ad
606 1877 726 1951 origines
748 1876 878 1952 contagii,
904 1876 975 1935 lbid.
1000 1871 1091 1935 1826.
1113 1873 1143 1936 8.
1160 1909 1203 1921 -
1223 1875 1306 1935 Uter·

179 1980 229 2040 qao
253 1961 321 2018 liber
344 1961 477 2018 subnoto
502 1967 527 2018 et
547 1962 676 2019 cornarani
690 1961 787 2020 titulo:
810 1961 941 2039 Origines
958 1963 1080 2038 contagii
1103 1981 1164 2020 cum
1191 1963 1307 2021 addita·

178 2045 286 2105 mentis.
321 2044 390 2106 lbid.
415 2039 506 2107 1887.
526 2040 556 2107 8.
590 2059 626 2124 (ld
639 2058 827 2112 locisveterum
840 2059 946 2127 copiose
959 2059 1079 2112 adductis
1097 2060 1222 2126 efficitur,
1239 2079 1306 2114 con·

179 2126 246 2194 tagii
263 2125 438 2194 cognitionem
457 2143 502 2178 eos
521 2143 583 2177 rere
602 2127 742 2194 habuisssr
766 2128 881 2181 additum
899 2136 940 2181 est
966 2129 1119 2197 glossarium
1143 2147 1236 2184 vocum
1254 2132 1307 2184 huc

178 2196 359 2266 pertinentium
378 2205 404 2246 et
423 2194 581 2262 literatura.)

135 2265 272 2328 Alexand.
298 2267 323 2325 F
331 2268 467 2325 errario
490 2269 556 2326 diss,
583 2268 679 2343 inaug.
703 2270 739 2327 de
769 2276 891 2327 veterum
913 2269 1072 2345 ignorantia
1097 2272 1169 2330 circa
1196 2271 1306 2330 doctri·

176 2372 241 2413 nam
263 2353 384 2428 contagii
409 2352 437 2409 in
459 2354 561 2410 morbis
587 2354 755 2430 epidemicis.
788 2354 879 2412 Ticini
904 2350 995 2414 1826.
1020 2350 1051 2416 8.

134 2437 220 2498 Geth.
238 2437 329 2495 Gebl
341 2457 376 2495 er
401 2438 467 2579 disp.
491 2439 670 2514 migrationes
691 2438 874 2498 celebriorum
890 2439 1051 2499 morborum
1066 2439 1303 2516 contagiosornm.

175 2523 304 2597 Gotting.
330 2517 419 2582 1780.
468 2566 474 2579 .

132 2607 199 2669 Car.
221 2607 336 2667 Gtthelf
354 2607 465 2664 Grais
487 2607 551 2664 diss.
575 2607 668 2684 inaug.
694 2608 825 2666 exhibens
846 2608 958 2666 brevem
981 2608 1156 2683 quarundam
1173 2613 1302 2669 ueterum

175 2700 204 2752 et
224 2693 408 2750 recentiorum
431 2692 467 2749 de
488 2692 595 2767 origine
616 2693 823 2752 constitutionis
845 2694 1016 2772 epidemicae
1040 2693 1204 2771 opinionum
1225 2713 1301 2753 com-

172 2777 355 2856 parationem.
391 2776 453 2837 Jeu.
478 2772 568 2837 1827,
591 2771 621 2833 4.

131 2860 266 2938 Rudolph
290 2861 444 2937 Wagner
468 2861 823 2941 ‹iie1weltgeschichtliche
847 2861 1062 2939 Entwiclrelung
1090 2862 1142 2920 der
1166 2861 1301 2941 epidemi-

173 2946 258 3004 schcu
288 2946 346 3002 und
368 2946 550 3020 contagiosen
571 2945 761 3004 Krauhheiteu
785 2948 842 3004 und
865 2948 912 3004 die
932 2947 1056 3006 Gesetze
1079 2947 1152 3005 ihrer
1169 2947 1302 3011 Verbrei·

173 3036 253 3105 tung.
296 3029 393 3105 lnang.
415 3027 557 3090 Abhandl.
591 3030 752 3108 lllrirzburg
776 3027 864 3095 1820.
887 3027 916 3093 8.

130 3113 176 3177 Jo.
199 3115 283 3191 Casp.
308 3113 451 3172 Menaer
476 3116 512 3172 de
533 3115 636 3171 morbis
660 3117 818 3192 epidemicis
839 3115 969 3192 antiquis.
995 3114 1080 3178 Basil.
1103 3110 1196 3175 1704.
1215 3111 1247 3176 4.

131 3197 178 3261 lo.
199 3197 234 3262 Δ,
256 3198 289 3256 F.
316 3199 472 3256 Ozauam
493 3200 606 3257 histoire
628 3201 762 3259 medicale
784 3200 916 3277 gencrale
937 3208 966 3258 et
983 3200 1158 3278 particuliire
1173 3202 1224 3260 des
1240 3219 1300 3262 ma·

174 3283 260 3342 ludier
284 3284 493 3362 epidemiques,
515 3285 711 3360 contagieuses
732 3294 761 3345 et
778 3286 988 3364 epizootiques‚
1012 3286 1059 3361 qni
1082 3291 1133 3344 out
1153 3287 1249 3363 regne
1266 3303 1300 3345 en

174 3369 290 3448 Europe
310 3370 410 3447 depuis
430 3369 470 3427 les
498 3377 570 3428 tems
594 3369 633 3428 les
661 3371 724 3448 plus
750 3371 871 3441 recoles,
903 3377 931 3430 et
953 3375 1129 3429 notamment
1152 3372 1254 3451 depuis
1275 3371 1301 3430 le

173 3454 250 3514 xlv.
273 3455 356 3512 siecle
374 3454 468 3530 jusqu¹
493 3455 510 3513 ir
531 3475 583 3514 nos
606 3455 694 3530 jorrrs.
716 3454 789 3512 Voll.
800 3452 833 3517 5.“
845 3455 923 3513 Paris
933 3461 962 3514 et
972 3453 1056 3533 Lyon
1079 3449 1299 3516 1817-1823.

175 3533 206 3598 8.
231 3537 330 3597 Editio
352 3541 453 3598 altero:
482 3540 552 3600 lbid.
580 3536 671 3600 1835.
699 3535 728 3598 8.
754 3571 796 3582 -
823 3539 950 3599 German.
973 3546 1040 3604 vert.
1065 3547 1091 3598 et
1110 3540 1299 3600 additamenta

174 3622 251 3680 dedit
274 3623 358 3682 Heur.
384 3625 575 3683 Brandeis.
601 3621 627 3687 1.
646 3626 700 3683 Β<1.
727 3626 870 3701 stuttgart
891 3620 984 3685 1820.
1011 3620 1040 3684 8.
1085 3626 1218 3685 Voccionis
1238 3646 1299 3686 con·

175 3709 290 3765 donatio
319 3727 370 3766 noo
391 3707 504 3784 prodiit.
527 3712 672 3779 (Ordinem
688 3716 840 3767 morborum
857 3724 886 3767 et
904 3723 1055 3784 temporum
1070 3716 1237 3784 conjunctim
1255 3733 1298 3770 se·

177 3788 279 3856 quitur3
298 3807 313 3841 e
332 3788 406 3840 bonis
425 3789 540 3842 fontibus
557 3807 607 3841 uon
625 3792 690 3845 satis
707 3800 831 3845 accurate
846 3791 954 3860 hausit.)

133 3857 241 3923 Frierlr.
270 3862 476 3919 Schnurrer
502 3862 627 3920 Chronilr
657 3864 708 3921 der
732 3865 860 3923 Seucheu
892 3865 920 3924 iu
948 3864 1135 3942 Verbinduug
1164 3865 1217 3924 mit
1245 3864 1299 3924 den

175 3944 386 4020 gleichzeitigen
411 3945 583 4024 Vorgiingen
605 3948 633 4005 in
659 3949 710 4005 der
732 3948 898 4027 physischeu
922 3949 997 4009 Welt
1024 3950 1082 4007 uud
1108 3951 1136 4009 in
1167 3950 1220 4009 der
1244 3949 1301 4008 Ge·

175 4029 297 4087 schichte
324 4031 375 4086 der
406 4029 566 4095 Menschen.
607 4031 718 4107 (Etiam
749 4037 795 4092 rol
824 4035 916 4093 titulo:
956 4031 1011 4094 Die
1033 4032 1227 4094 Krankheiten
1250 4036 1299 4094 des

175 4113 519 4190 Meusrhengeschlechtes
536 4117 681 4177 historisch
707 4120 764 4177 und
785 4119 990 4197 geographisch
1013 4119 1187 4192 betrcchtet3
1213 4120 1299 4179 histo·

176 4199 266 4258 rische
287 4199 481 4274 Abtheilung.)
502 4197 523 4258 2
544 4203 615 4260 Bde.
651 4201 955 4281 Tiibiugen1823-
973 4199 1064 4266 1825.
1076 4200 1104 4263 8.
1119 4239 1157 4250 -
1171 4203 1217 4263 Dc
1237 4223 1299 4282 geo·

177 4286 311 4364 graphica
332 4291 414 4362 porte
435 4287 522 4363 operis
545 4287 586 4344 nil
602 4288 710 4365 prodiit
730 4296 840 4368 praeter
859 4308 974 4368 mappas
994 4295 1048 4346 tres
1063 4291 1217 4369 morbos-rrae
1237 4308 1298 4368 gea

178 4371 341 4446 graphione:
373 4370 524 4446 Tiibingeu
547 4367 637 4433 1827.
657 4368 745 4436 1830.
778 4374 918 4434 Miinchen
942 4368 1035 4434 1831.
1075 4385 1215 4454 (ordinem
1231 4393 1297 4441 tuu-

178 4465 269 4520 porunr
292 4458 395 4516 servat,
418 4450 446 4505 in
469 4451 579 4521 singulis
600 4469 681 4524 saepo
704 4455 779 4510 deest
802 4455 894 4511 critica
917 4454 1043 4512 historica
1065 4462 1094 4512 ct
1117 4456 1230 4513 tontinn
1252 4471 1298 4510 ao-
