2874 4974
194 286 257 353 144
702 292 860 355 haatomia.

238 446 297 506 lide
311 447 490 508 illustrantur.
504 447 629 508 Vindob.
642 444 734 510 1835.
744 445 775 508 8.
794 483 836 494 -
856 446 921 506 Cura
939 447 1009 507 tola
1028 442 1173 524 dlillrogr.
1212 402 1266 525 inb
1292 459 1365 516 anti·

239 528 299 598 quis
316 530 476 599 temporibus
494 532 628 599 usquead
645 530 778 584 Romanos
802 539 921 592 veterem
947 529 1053 582 tabulae
1071 528 1168 581 habeut
1185 529 1297 582 cultrum
1317 547 1365 582 cu-

238 615 326 668 preum
344 599 371 651 in
395 598 488 653 mumia
505 600 671 682 Aegyptiace
693 607 875 682 repertumst
892 598 1049 652 anatomiam
1066 597 1213 652 sinensium
1230 615 1266 652 ex
1283 599 1366 668 cley-

239 685 300 733 er03
319 669 470 738 opusculum
489 686 540 720 nou
558 671 623 722 satis
640 669 766 722 historice
783 671 929 737 saraptam.)

193 739 256 799 los.
276 739 381 799 Antou.
401 741 502 816 Haag
520 743 699 818 antiquitates
717 743 906 817 anatomicae‚
923 759 974 799 seu
993 740 1030 798 de
1047 739 1206 798 anatomiae
1220 745 1321 798 exortu
1337 744 1367 799 et

237 828 451 905 propagatione.
475 827 626 903 Oenipont.
650 825 718 884 -1

195 909 281 973 Laur.
304 910 441 970 Dutens
459 910 621 970 recherches
636 930 684 969 sur
700 911 828 987 l'origine
850 911 900 970 des
918 912 1115 970 descouvertes
1136 907 1292 968 attributes
1312 927 1367 967 anx

238 997 396 1058 modernes.
440 994 518 1053 Paris
544 991 635 1055 1766.
657 991 686 1055 8.
713 995 784 1058 Voll.
811 991 840 1054 2.
865 1007 1030 1074 (Anatomica
1043 1005 1265 1078 etphysiologica
1278 1005 1367 1072 multa,

240 1094 308 1146 quaa
326 1075 516 1130 recentioribus
534 1077 691 1142 tribuuntur,
709 1076 843 1130 veteribus
861 1077 972 1142 deberi.)

195 1148 243 1211 Jo.
264 1150 353 1213 Heur.
375 1149 529 1208 Schulze
554 1150 686 1208 historiae
704 1151 877 1208 anatomicae
893 1149 1005 1227 specim.
1028 1144 1259 1206 1.et11.Attorf.
1276 1140 1367 1207 1721.

241 1228 333 1298 1723.
355 1230 384 1292 4.
409 1267 453 1278 -—
478 1235 575 1298 Reuss.
601 1238 631 1293 in
651 1234 802 1293 Kurella
824 1234 970 1292 fasciculus
988 1234 1140 1292 dissertatt.
1162 1239 1216 1293 etc.
1245 1237 1368 1308 (hisqui-

241 1315 349 1369 sitiones
363 1321 504 1369 accuratae
522 1315 593 1369 circa
610 1316 782 1385 antiquiorem
800 1323 933 1369 apotomes
945 1315 1100 1382 historiam.)

196 1385 267 1447 Phil.
292 1389 351 1451 Jac.
373 1390 570 1447 Hartmann
595 1390 755 1448 exercitatio
778 1389 936 1447 anatomica
955 1388 977 1446 1.
996 1394 1024 1446 et
1039 1387 1073 1445 ll.
1091 1387 1127 1447 de
1143 1387 1187 1460 iis,
1208 1405 1284 1462 quae
1300 1405 1369 1445 cou-

240 1479 285 1532 tra
308 1475 435 1552 peritiam
457 1481 583 1533 veterum
608 1475 792 1532 anatomicam
817 1472 973 1532 afferuntur
997 1474 1025 1530 in
1051 1490 1163 1548 genere.
1184 1470 1369 1548 Regiomnnti

241 1554 335 1620 1684.
357 1553 449 1619 1687.
470 1556 500 1619 4.
522 1593 566 1604 -—
591 1559 715 1635 Ejusd.
737 1559 895 1618 exercitatio
917 1558 1074 1617 anatomica
1098 1555 1236 1618 1-1v.
1266 1558 1304 1616 de
1323 1557 1367 1631 iis,

240 1663 314 1721 quae
336 1652 434 1704 contra
455 1645 583 1723 peritiam
599 1652 724 1704 veterum
744 1645 928 1703 anatomicam
950 1643 1106 1703 afferuntur
1126 1641 1154 1699 in
1176 1641 1279 1720 specie.
1309 1641 1369 1701 Re-

240 1730 326 1806 giom.
350 1724 591 1789 1689—1693.
616 1724 647 1789 4.
673 1729 761 1787 Redit
781 1735 892 1808 atroque
914 1732 944 1786 in
965 1727 1116 1786 Kurella
1141 1726 1291 1785 fasciculus
1311 1727 1370 1785 dis-

241 1820 320 1872 serit.
343 1820 397 1873 etc.
422 1819 574 1887 (Opuscula
588 1817 750 1871 eruditionis
764 1818 845 1889 plena
859 1817 1000 1871 veteribus
1012 1816 1089 1870 nimis
1102 1815 1219 1883 lavent.)

198 1896 244 1960 Jo.
267 1898 301 1962 F.
327 1898 566 1958 Eschcnbach
591 1900 719 1978 epistola,
741 1918 798 1976 qua
819 1899 981 1958 defenditur
996 1903 1128 1956 anatome
1152 1893 1369 1974 Aegyptiorum.

240 1981 318 2062 Lips·
345 1978 436 2044 1776·
458 1979 489 2046 4·
524 1998 624 2065 (Reges
648 2001 762 2066 Aegypt.
781 2004 918 2050 anatomen
936 1996 1086 2048 exercuisse
1103 1994 1182 2048 etiam
1199 2002 1262 2048 aute
1279 1994 1370 2048 Ptole-

244 2081 373 2118 maeorum
392 2073 508 2133 tempora
527 2075 618 2118 contra
637 2066 794 2130 Schulzium
809 2067 983 2130 Boernerum,
1002 2065 1150 2117 Grunerum
1168 2063 1288 2134 aliosque
1304 2065 1370 2117 male

242 2133 406 2198 defenditur3
427 2135 476 2190 cfr.
496 2137 698 2202 locustarum
721 2154 749 2193 n.
767 2137 1007 2189 Roseamrillcr
1029 2134 1161 2205 Bcitrcigc
1171 2137 1223 2204 sair
1240 2135 1286 2188 die
1302 2135 1371 2188 Zar-

242 2204 507 2275 glicderungslcunst.
526 2204 603 2261 1801.
622 2204 716 2261 ΒΗ.
740 2205 777 2260 Η.
797 2208 820 2258 l.
840 2205 870 2262 S.
889 2205 915 2257 1.
928 2204 991 2275 sg.)

199 2290 274 2353 Dan.
296 2293 381 2353 Wilh.
407 2291 545 2352 Triller
571 2287 660 2376 (resp.
683 2294 792 2369 Trang.
815 2295 939 2357 Balthas.
968 2293 1034 2351 Chr.
1060 2291 1204 2372 Stentzel)
1230 2292 1270 2351 de
1297 2291 1370 2372 Hip-

240 2378 364 2457 pcccatis
391 2378 485 2435 studio
513 2381 671 2438 anatomico
699 2378 841 2454 singulari.
874 2379 968 2438 Viteb.
998 2373 1087 2442 1754.
1109 2373 1140 2437 4.
1164 2409 1208 2420 —
1228 2376 1318 2437 Redit
1339 2381 1371 2437 in

240 2462 340 2539 Ejusd.
366 2461 487 2542 Opuscc
512 2463 577 2524 Vol.
598 2464 620 2523 I.
645 2483 712 2544 pag.
731 2459 932 2525 107—131.

198 2564 243 2625 Jo.
260 2564 336 2624 Frid.
357 2564 602 2624 Blnmenbach
622 2567 659 2624 de
678 2571 803 2625 veterum
819 2565 957 2624 artificum
972 2563 1146 2622 anatomicae
1156 2561 1275 2643 peritiae
1286 2561 1370 2622 lande

241 2649 396 2723 limitanda,
419 2650 585 2710 celebranda
607 2670 674 2709 vero
696 2670 792 2709 eorum
813 2651 841 2709 in
859 2651 1018 2709 charactere
1034 2648 1170 2725 gentilitio
1187 2647 1369 2726 exprimendo

241 2735 582 2878 ppcurapliope.vpiotting.
606 2731 697 2796 1828.
721 2732 753 2799 4.
780 2768 824 2781 -
845 2735 943 2794 Etiam
963 2737 993 2793 in
1020 2734 1177 2794 Commeat.
1204 2752 1265 2796 soc.
1296 2733 1369 2792 Got-

255 2839 312 2896 rng.
362 2841 399 2879 o.
469 2865 476 2881 .

199 2921 264 2983 Car.
281 2920 361 2981 Frid.
383 2920 557 2979 Heinrich
578 2923 775 2983 commentatio
796 2921 965 2998 academica,
986 2939 1043 2995 qua
1063 2920 1368 2998 hermaphroditomm,

242 3006 310 3064 artis
331 3006 463 3081 antiquae
484 3006 639 3079 illustrium,
660 3010 782 3084 origines
803 3013 832 3066 et
848 3025 949 3065 causae
962 3007 1142 3084 explicantur.
1167 3004 1264 3064 Kilon.
1277 3000 1368 3070 1805.

240 3085 289 3162 4.;
310 3089 469 3167 Hamburgi
492 3087 582 3156 1805.
603 3088 632 3154 4.
644 3126 687 3136 —
703 3095 855 3167 (Philologi
873 3095 1027 3166 opusculum
1053 3096 1120 3148 satis
1145 3095 1302 3162 eruditum.)

198 3190 244 3252 Jo.
269 3191 318 3255 Fr.
344 3189 384 3254 M.
406 3211 432 3255 v.
460 3192 582 3251 Olfers
608 3194 677 3252 iiber
702 3196 745 3253 eiu
768 3195 846 3253 Grab
868 3195 914 3252 bei
934 3194 1029 3252 Kumii
1053 3193 1112 3250 und
1134 3193 1180 3251 dle
1204 3193 1233 3251 in
1250 3190 1369 3250 demsel-

240 3278 296 3336 hen
321 3277 500 3336 enthalteneu
529 3280 752 3356 merhwiirdigen
783 3279 941 3339 Bildwerhe
971 3280 1022 3338 mit
1049 3276 1203 3336 Riochsicht
1237 3277 1292 3336 auf
1316 3278 1368 3335 das

240 3362 432 3422 Vorhommen
457 3382 513 3421 von
535 3364 668 3424 Skeleteu
689 3371 772 3424 unter
798 3367 854 3423 den
875 3363 1005 3423 Antiken.
1034 3361 1154 3421 Gelcsen
1178 3362 1206 3420 iu
1224 3361 1277 3420 der
1291 3358 1368 3419 Aha-

242 3448 333 3506 demie
350 3449 401 3506 der
426 3448 672 3522 wissenschaften,
699 3469 744 3509 arn
769 3445 798 3507 4.
821 3447 984 3508 November
1004 3442 1095 3506 1830.
1126 3446 1180 3505 Mit
1204 3441 1367 3506 ostrina-

241 3533 298 3591 feln
322 3533 351 3591 in
372 3532 463 3591 Folio.
489 3533 584 3592 Berlin
607 3530 700 3597 1831.
725 3529 757 3597 4.
780 3538 927 3608 (accurata
947 3536 1102 3608 disquisitio
1127 3535 1304 3605 antiquaria.)

199 3632 271 3693 Phil.
293 3632 352 3692 Jac.
377 3632 575 3694 Hartmann
597 3636 756 3695 exercitatio
771 3635 928 3694 anatomica
946 3633 1054 3697 l-lV.
1069 3634 1106 3692 de
1121 3632 1276 3709 originibus
1294 3650 1368 3691 ana·

240 3717 351 3780 tomiae.
393 3716 575 3794 Regiomonti
602 3715 693 3783 1683.
721 3716 751 3785 4,
780 3720 876 3786 Recur.
897 3723 928 3778 in
954 3717 1107 3778 Kurella
1134 3717 1283 3778 sardonius
1309 3718 1367 3777 dis-

242 3803 426 3862 sertationum
451 3805 488 3863 ad
517 3805 660 3863 historiam
680 3806 844 3882 medicinae,
871 3804 1017 3885 speciatim
1042 3808 1204 3881 anatomes,
1234 3808 1367 3884 spectan-

240 3888 319 3946 tium.
353 3887 447 3948 Berol.
471 3883 563 3955 1754.
588 3884 619 3953 8.

298 4109 359 4205 cl.
417 4108 745 4208 Arautome
787 4106 1265 4208 recentiorum.

198 4294 298 4358 Lazar.
319 4297 568 4376 Meyssonuier
589 4301 750 4378 descriptis
773 4305 803 4358 et
826 4300 945 4359 inventis
973 4297 1209 4374 anatomicorum,
1229 4296 1278 4373 qui
1299 4300 1366 4372 post

241 4381 423 4444 Laurentium
443 4386 622 4463 scripserunt.
643 4383 738 4462 Lugd.
764 4380 856 4445 1650.
882 4381 912 4448 8.
946 4388 1046 4457 (Andr.
1065 4388 1227 4457 Dmaureus,
1248 4383 1366 4439 celebris

241 4465 401 4520 anatomicos
418 4464 615 4551 Manopetiensia
633 4468 653 4536 †
669 4467 712 4520 die
730 4465 772 4525 16.
789 4466 903 4537 Augusti
930 4462 1021 4536 1609.)
