2874 4974
463 320 603 382 Medicina
627 321 656 381 in
677 322 791 385 ecclesia
812 323 978 385 Christiana.
1240 318 1301 386 117

130 475 179 535 Jo.
204 474 278 533 Geo.
301 475 416 535 Geret
438 474 518 533 naevi
537 475 709 534 medicorum
727 475 878 553 theologici
900 497 935 537 ex
956 477 1070 537 historia
1095 477 1228 537 litteraria
1248 478 1300 536 ad-

175 561 304 619 umbrati.
355 559 562 635 Weissenhurgi
585 559 712 618 Noricor.
740 555 832 624 1728.
857 559 886 620 4,
923 574 965 639 (ln
983 574 1175 628 heterodoxiam
1193 572 1301 642 religio.

176 657 232 695 sam
249 638 364 693 medicos
381 640 458 693 valde
475 640 608 705 inclinare,
627 640 676 692 XL
695 659 783 694 eorum
796 642 944 696 nominatim
955 652 1124 697 recensentur
1136 644 1169 695 ab
1182 651 1300 706 auctore,

163 709 245 763 ‚inter
260 709 327 763 alios
335 708 387 762 Th.
394 709 514 778 Browue,
531 709 694 779 Cisalpinos,
711 711 857 776 Cardanus,
879 712 1025 782 Dippelius,
1041 712 1217 782 anamodo,
1234 710 1300 764 Hel·

175 784 255 845 mont‚
273 779 438 844 Paracelsus,
456 779 593 843 Servetur,
611 779 673 834 Seh.
693 779 797 848 Wirdig
816 782 885 848 eto)
1003 831 1005 834 ,

133 852 180 912 ΕΙ.
207 851 284 909 Frid.
313 851 463 911 Heister
483 851 616 929 apologia
637 871 689 929 pro
715 855 846 930 medicis,
874 872 931 929 qua
955 873 1051 912 eorum
1076 853 1224 932 depellitur
1252 870 1301 910 ca·

176 936 294 1006 villatio,
314 936 363 1012 qui
384 937 548 995 medicinam
571 938 599 994 in
627 936 792 995 atheismnm
817 937 941 1014 aliosque
969 939 998 997 in
1024 938 1167 1014 theologia
1191 955 1301 995 errores

175 1020 316 1079 abducere
346 1020 506 1098 perhibent,
541 1025 570 1079 et
596 1039 652 1096 qua
679 1022 759 1080 simul
790 1024 932 1102 praecipui
961 1024 1060 1081 medici
1087 1029 1116 1081 et
1137 1022 1299 1080 nominatim

174 1106 382 1186 Hippocrates,
403 1105 542 1181 Galenus,
564 1105 722 1183 Cardanus,
747 1107 905 1180 Taurellus,
930 1108 1056 1167 Vaninus
1068 1114 1096 1166 et
1107 1108 1190 1187 (Th.)
1202 1108 1301 1165 Brow·

175 1192 248 1261 nius,
270 1190 319 1266 qui
339 1190 465 1249 atheismi
491 1190 603 1249 crimine
631 1191 822 1251 commaculati
847 1199 923 1270 sunt,
949 1194 1145 1255 defenduntur.
1189 1191 1301 1249 Amste-

175 1276 233 1339 lod.
258 1270 348 1339 1736.
370 1270 401 1336 8.
438 1279 593 1348 (Eruditum
614 1282 704 1351 opus.)

130 1360 178 1420 Jo.
201 1361 277 1419 Frid.
300 1359 422 1437 hlayer
451 1367 543 1418 utrum
567 1363 690 1419 medicus
711 1359 824 1438 Papista
845 1365 970 1438 praestet
983 1359 1156 1423 Lutherano.
1193 1359 1301 1418 Greiis-

176 1445 259 1503 wald.
287 1439 377 1508 1706.
403 1439 433 1509 4.
459 1449 609 1519 (Theologi
633 1450 783 1502 Lutheraui
809 1451 898 1520 opus.)

131 1529 217 1594 Mart,
247 1529 381 1589 Gotthels
400 1528 586 1589 Loescher
611 1531 648 1589 de
669 1531 839 1591 medicorum
854 1530 957 1590 meritis
982 1531 1011 1589 in
1021 1527 1214 1607 Augustanam
1234 1547 1302 1586 con-

175 1615 334 1675 fessionem.
376 1613 521 1693 Viteherg.
543 1611 635 1679 1730.
657 1611 687 1678 4.

549 1769 602 1855 h.
652 1767 895 1855 Sancti.

132 1907 181 1970 Jo.
208 1905 377 1966 hlolauus
398 1906 515 1965 diarium
540 1906 888 1968 medico-ecclesiasticum.
911 1903 1020 1964 Lovan.
1034 1899 1125 1967 1595.
1140 1898 1170 1964 4.
1190 1905 1302 1976 (Aucto-

178 1987 215 2040 ris
233 1987 348 2056 theologi
365 2004 431 2058 opus
448 1987 560 2040 medicos
579 2004 627 2057 pro
645 1987 751 2040 Sanctis
771 1987 874 2040 habitos
892 1987 1045 2053 enumerat.)

132 2058 241 2122 Abrah.
262 2061 422 2120 Bzorius
445 2061 596 2135 (Bzowslsi)
618 2060 809 2119 nomenclator
830 2061 997 2118 Sanctorum
1018 2057 1193 2137 professione
1214 2056 1303 2114 medi-

176 2166 284 2225 corum,
308 2146 524 2204 anniversariam
545 2164 663 2221 quorum
688 2145 865 2204 festivitatem
887 2145 1049 2202 universalis
1072 2143 1193 2201 celebrat
1214 2141 1302 2199 eccle-

178 2232 237 2304 sia3
258 2232 296 2289 ad
321 2231 493 2306 antiquitatis
519 2232 677 2289 memoriam
700 2230 867 2288 elaboratus.
900 2229 983 2287 Rom.
997 2223 1088 2290 1612.
1101 2229 1132 2300 f,
1154 2227 1191 2288 ib.
1208 2221 1303 2289 1621.

177 2311 239 2389 12,
262 2314 363 2377 colon.
389 2312 506 2394 AgrlPP·
535 2310 624 2374 1623·
649 2310 697 2373 12·
721 2325 1075 2394 (EnumerantnrdilSancti,
1091 2325 1161 2379 iuter
1178 2341 1223 2377 eos
1236 2339 1302 2392 qna-

177 2407 239 2449 tuor
255 2395 389 2462 mulieres3
408 2397 456 2449 cfr.
482 2395 572 2449 Barth.
595 2395 705 2449 Moser
723 2396 850 2465 quadriga
869 2395 1011 2480 medicinae
1028 2393 1220 2465 triumphantis.
1246 2391 1301 2444 Co-

176 2465 221 2518 lon
240 2465 315 2519 1645.
336 2465 383 2530 123
401 2483 426 2518 v.
444 2481 507 2535 pag.
527 2466 582 2533 10.)

132 2538 201 2600 Chr.
226 2539 332 2597 Bened.
358 2538 529 2615 Carpzov
551 2540 637 2616 (resp.
660 2537 704 2595 Jo.
734 2537 799 2595 Chr.
827 2535 961 2616 Moerlin)
993 2537 1030 2595 de
1058 2536 1172 2595 medicis
1201 2532 1237 2592 ab
1258 2553 1302 2592 ec-

176 2623 260 2681 clesia
280 2642 333 2700 pro
355 2623 466 2680 Sanctis
492 2622 601 2685 habitis.
644 2621 722 2700 Lips.
736 2616 829 2683 1709.
844 2617 873 2679 4.
900 2635 1008 2703 (Eorum
1025 2634 1131 2687 xxxll
1149 2647 1301 2686 enumeran-

177 2712 231 2769 tur,
249 2703 306 2759 soil.
324 2701 492 2767 Aemilianos,
511 2704 668 2766 Alexander,
687 2703 832 2756 Arrtiochns
850 2703 1019 2769 sebastenus,
1038 2703 1182 2756 Antiochus
1200 2699 1302 2752 Mauri·

177 2773 403 2838 tanus,Autouius
415 2771 627 2838 Mediolanensis,
646 2773 742 2839 Cyrus,
760 2772 915 2839 Caesarius3
934 2773 1066 2826 Codratus
1083 2770 1220 2841 Corynth,
1233 2764 1301 2821 Cos-

176 2858 232 2895 mas
250 2850 276 2895 et
294 2841 449 2906 Damianos,
467 2842 621 2908 Diomedes,
640 2841 795 2910 Dionysius,
811 2841 958 2905 Eusebius,
977 2841 1140 2905 Gennadius,
1160 2839 1302 2906 Hildegar-

178 2911 229 2976 dis,
246 2909 396 2964 loachiruus
412 2908 575 2978 Japouensis,
592 2909 686 2965 Joanu.
701 2911 832 2977 Damaso„
850 2909 992 2974 luvenalis,
1010 2910 1136 2963 Leontius
1154 2917 1181 2962 et
1199 2910 1302 2975 Carpo-

198 2979 287 3046 horus,
305 2979 392 3032 Lucas
409 2979 595 3047 Evangelista‚
614 2979 757 3045 Nicerata,
775 2979 899 3044 Orestes,
917 2979 1078 3046 Pantaleon,
1097 2978 1220 3047 Papilus,
1237 2976 1302 3029 Phi·

177 2999 274 3120 llppus,
293 3047 413 3116 Samson,
432 3048 556 3114 Sanctus,
573 3048 734 3117 Theodosia,
752 3047 914 3116 Theodotus,
932 3048 1077 3114 Urticinus,
1096 3047 1257 3111 Zenohius.)

131 3121 235 3182 Fraus.
262 3121 296 3186 E.
328 3121 553 3179 Briiclrmann
580 3121 716 3199 epistolae
744 3121 780 3180 de
809 3123 911 3179 sanctis
942 3122 1064 3180 medicis.
1112 3119 1300 3179 Wolfenhiitt.

177 3200 269 3266 1730·
291 3201 321 3265 4·
347 3217 402 3286 (De
419 3216 452 3271 iis
470 3217 584 3302 Sanctis,
609 3216 653 3338 spui
678 3217 786 3286 singulis
803 3217 901 3271 morbis
919 3218 1051 3300 medendis
1068 3219 1094 3271 iu
1112 3215 1234 3271 auxilium
1252 3233 1301 3268 ro·

178 3288 313 3352 oabautur,
331 3296 361 3341 ut
381 3287 527 3358 apollonia,
545 3287 617 3354 Agat
635 3302 659 3351 a,
678 3285 904 3351 Bartholomaeus,
922 3287 1000 3339 Vrtus
1017 3295 1068 3341 eto.

132 3358 212 3418 Frid.
235 3362 373 3419 Biirner
395 3362 431 3419 de
453 3361 556 3418 Cosma
575 3365 606 3418 et
630 3359 778 3426 Damiano,
800 3361 866 3417 artis
887 3360 1011 3418 medicae
1036 3360 1088 3416 diis
1113 3358 1178 3415 olim
1199 3361 1227 3415 et
1248 3356 1301 3413 ad·

176 3445 232 3503 huc
255 3445 340 3503 hodie
360 3444 425 3502 hinc
443 3446 516 3503 illinc
539 3443 711 3502 tutelaribus.
755 3443 826 3501 Cum
848 3444 925 3506 tahb.
949 3443 1067 3504 Helmst.
1090 3437 1183 3504 1751.
1207 3436 1237 3503 4.
1258 3473 1302 3484 -

175 3530 264 3590 Redit
286 3533 317 3587 in
338 3529 437 3605 Ejusd.
463 3528 571 3588 Noctes
594 3528 716 3606 Guelph.
742 3528 879 3587 Rostoch.
897 3522 988 3590 1755.
1004 3524 1034 3591 8.
1051 3548 1080 3606 p.
1096 3523 1147 3587 60.
1160 3545 1202 3604 sq.
1226 3531 1300 3600 (etr.

178 3612 236 3667 hot.
255 3610 376 3664 Senator.
398 3610 518 3667 Bolland.
536 3611 667 3681 Septemb.
685 3608 741 3678 27.)

132 3683 181 3743 Jo.
206 3683 347 3742 Bauhin
370 3684 407 3742 de
428 3685 530 3762 plantis
555 3703 572 3741 a
594 3683 664 3741 divis
687 3682 827 3741 sanctisve
845 3700 946 3740 nomen
967 3682 1144 3759 habentibus,
1166 3687 1251 3760 caput
1266 3700 1301 3739 ex

176 3787 281 3844 magno
305 3768 445 3826 volumine
472 3769 509 3826 de
535 3786 674 3827 consensu
701 3775 731 3827 et
759 3768 888 3825 dissensu
919 3768 1069 3826 authorum
1098 3769 1169 3826 circa
1201 3768 1301 3843 stirpes

176 3855 365 3932 desumptum.
409 3850 533 3911 Additae
553 3859 619 3910 sunt
640 3852 727 3914 Conr.
751 3852 904 3911 Gesneri
926 3852 1061 3928 epistolae
1082 3853 1216 3911 hactenus
1242 3870 1299 3910 non

174 3938 276 3998 editae.
330 3937 430 3996 Edidit
454 3937 539 4015 Casp.
564 3936 719 3996 Bauhin.
784 3937 870 3996 Basil.
904 3932 997 4002 1591.
1014 3986 1016 3991 .
1032 3933 1062 4001 8.
1110 3940 1164 4011 (hd
1191 3949 1300 3995 veteres

175 4019 324 4092 plantarum
341 4018 582 4087 denominationes.)

502 4175 548 4241 o.
603 4155 925 4262 Theolopo‘.

129 4295 207 4375 hug.
230 4297 322 4376 Chph.
343 4297 536 4375 Langhein
562 4298 701 4378 specimen
727 4295 912 4373 embryulciae
942 4295 1075 4371 antiquae
1110 4314 1143 4354 ex
1176 4293 1213 4362 Q.
1247 4295 1299 4352 Se-

171 4384 253 4462 ptim.
265 4383 342 4442 Flor.
354 4383 518 4443 Tertulliani
527 4383 574 4447 lib,
588 4384 624 4440 de
638 4383 729 4440 anima
744 4400 803 4458 cap.
816 4377 865 4440 25.
891 4380 956 4438 Hal.
970 4374 1103 4444 17514.
1130 4383 1178 4452 (Τ.
1190 4377 1298 4461 1120.)

127 4469 231 4534 Jodoc.
263 4468 407 4531 Willioh
436 4469 531 4542 (Josse
565 4467 684 4540 Wilclre)
711 4466 926 4526 observationes
955 4465 985 4524 in
1011 4465 1135 4526 libellum
1159 4461 1299 4525 Lactantii
