2874 4974
617 315 814 396 Hippocrates.
1256 322 1301 389 43

175 470 325 551 Sophoclis
349 476 384 567 et·
405 468 549 531 Theocriti
573 469 649 529 locis.
692 472 802 536 Venet.
819 465 912 536 1781.
937 468 968 535 4.
1013 477 1067 548 (Ad
1079 479 1210 535 medicum
1222 482 1300 540 Anna

131 628 159 685 J.
178 553 500 690 (lthldrdhdlnshtdrdent
525 624 738 704 d'Hippocrate,
759 626 884 703 precede
905 626 990 688 d’une
1011 628 1104 689 notice
1124 649 1173 690 sur
1185 631 1226 692 les
1240 653 1300 695 ser-

175 717 267 770 ments
292 730 327 770 en
351 710 506 770 medecine.
548 709 627 768 Paris
652 704 745 773 1818.
769 705 799 772 8.

133 796 277 856 Stanislav
299 794 529 864 Grottanelli
558 813 643 874 sopra
663 795 682 854 il
703 796 878 873 giurameuto
901 795 1081 876 d'lppocrate
1095 799 1228 867 discorso.
1250 801 1300 863 Fi·

176 900 261 940 renze
287 875 379 944 1823.
404 874 433 942 8.
478 884 611 953 (Oratio.)

134 965 243 1042 Georg.
272 965 428 1024 Manueli
453 964 514 1022 libri
540 964 608 1044 περὶ
633 957 745 1042 φύσιος
767 957 956 1044 dudeciaco,
981 966 1029 1042 qui
1050 967 1122 1026 inter
1140 968 1300 1050 Hippocra-

176 1051 249 1111 ticos
274 1056 368 1125 extet,
399 1069 523 1114 censura.
566 1044 794 1112 1611171118.
840 1053 1032 1123 (Fragmentis
1047 1057 1194 1126 antiquior.
1211 1069 1240 1114 et
1253 1079 1299 1115 re-

178 1131 286 1186 centior.
304 1139 438 1185 auctorum
456 1131 594 1185 conflatum
613 1148 670 1184 esse
688 1131 755 1183 hunc
769 1130 860 1184 librum
877 1132 1202 1204 pseud-hippocraticnm.)

135 1206 210 1270 Geo.
235 1207 352 1281 Seger
370 1205 407 1263 de
428 1204 490 1262 libri
518 1204 710 1283 Hippocratici
735 1203 804 1282 scapi
830 1207 957 1285 καρδίης
982 1213 1046 1265 ortu
1066 1207 1200 1284 legitimo.
1242 1213 1300 1270 Ba-

177 1291 221 1353 sil
247 1285 338 1352 1661.
360 1285 456 1433 45-1-
476 1287 571 1349 Recto.
593 1293 624 1348 iu
644 1288 798 1365 Baldinger
817 1289 921 1348 selecta
942 1310 1038 1369 opusc.
1064 1293 1194 1372 Gotting.
1207 1291 1300 1362 1782.

200 1394 245 1450 ag.
267 1370 392 1434 olo-3
436 1417 442 1432 .

133 1396 232 1523 (apli.
254 1457 473 1518 Laurentius
495 1459 627 1517 deuotis
648 1458 831 1537 Hippocratis
849 1458 878 1517 in
893 1459 1016 1519 historiis
1038 1461 1158 1542 epidem.
1173 1466 1300 1545 repertis.

177 1544 284 1606 Lubet.
309 1541 398 1606 1666.
420 1541 450 1602 4.
495 1548 585 1617 (Sigla
598 1549 627 1601 in
641 1549 690 1600 lib.
706 1548 793 1618 epid.)

133 1630 247 1691 Theod.
272 1629 365 1692 Carol.
392 1629 556 1687 Schmidt
577 1629 757 1708 epistolarum
783 1647 856 1704 quae
880 1629 1047 1708 Hippocrati
1068 1631 1154 1709 vulgo
1175 1634 1302 1695 tribuun-

177 1720 224 1774 tur
248 1733 372 1775 censura.
415 1714 504 1772 Jenae
531 1709 622 1773 1813.
649 1709 679 1776 8.
724 1718 873 1787 (philologi
889 1721 979 1789 opus.)

131 1801 179 1861 Jo.
205 1797 340 1862 Antonid.
361 1818 431 1857 van
459 1799 521 1857 (161
540 1798 680 1859 Linden
704 1799 881 1858 meletemata
901 1801 1054 1859 medicinae
1075 1801 1301 1881 Hippocraticae.

175 1883 272 1961 Lngd.
293 1885 357 1946 Bat.
379 1879 471 1946 1660.
493 1879 523 1945 4.
545 1917 589 1928 -
609 1884 679 1943 Post
703 1891 822 1944 mortem
843 1885 963 1943 auctoris
989 1887 1063 1946 edid.
1084 1887 1131 1954 Jo.
1153 1887 1212 1952 Jac.
1228 1887 1303 1948 Dii-

174 1969 246 2034 bel.
276 1968 408 2028 Francos.
430 1962 522 2032 1672.
544 1964 576 2030 4.

132 2053 235 2113 Claud.
256 2054 354 2113 Tard
361 2075 380 2131 y
405 2054 606 2132 Hippocratica
630 2054 761 2112 medendi
783 2054 940 2116 methodus.
984 2054 1071 2116 Paris.
1088 2049 1181 2118 1676.
1203 2051 1234 2114 8.

131 2154 193 2219 Jac.
217 2155 239 2211 S
246 2174 314 2233 pon
339 2155 490 2235 aphorismi
514 2155 580 2214 novi
602 2174 636 2214 ex
660 2155 842 2233 Hippocratis
865 2155 994 2235 operibus
1016 2176 1091 2215 nunc
1111 2157 1230 2236 primum
1245 2159 1303 2218 col-

176 2239 250 2299 lecti.
292 2239 386 2317 Lugd.
413 2235 505 2304 1684.
533 2235 592 2318 12,
614 2242 651 2303 ib.
674 2236 765 2299 1689.
791 2235 840 2299 12.
885 2245 1051 2315 (Aphorismi
1065 2264 1107 2315 gr.
1123 2247 1171 2300 lat.
1187 2266 1222 2301 ex
1237 2267 1303 2318 ope-

175 2321 229 2379 rib.
247 2322 283 2377 H.
300 2321 418 2391 excerpti
436 2327 463 2374 et
481 2321 570 2375 ordine
588 2321 757 2390 systematico
776 2321 912 2392 dispositi;
932 2338 997 2375 cave
1013 2339 1045 2374 ne
1063 2340 1112 2393 pro
1130 2323 1200 2379 veria
1219 2325 1302 2394 apho-

176 2389 262 2443 rismis
279 2390 314 2445 H.
332 2391 412 2458 vulgo
430 2391 469 2444 sic
487 2391 564 2444 dictis
582 2391 701 2460 habeas.)

131 2463 160 2526 J.
183 2463 217 2520 C.
239 2462 328 2527 Andr.
350 2464 478 2522 Miiller
508 2464 666 2522 rudimenta
691 2461 834 2521 doctrinae
861 2461 1080 2540 Hippocraticae
1100 2481 1191 2529 verae.
1234 2465 1302 2527 Hal.

134 2543 330 2710 (1611818668.
354 2632 454 2696 Franc.
479 2633 536 2695 Jul.
566 2631 717 2691 Friilich
749 2633 815 2695 diss.
847 2632 942 2708 inaug.
975 2631 1012 2690 de
1035 2632 1218 2712 Hippocratis
1249 2634 1303 2693 Coi

176 2718 309 2776 medendi
330 2719 477 2781 methodis.
521 2717 668 2777 Vratislav.
691 2711 782 2780 1821.
808 2713 838 2778 8.

132 2794 236 2864 Franc.
258 2803 377 2864 Zachar.
404 2803 586 2862 Ermerins
613 2803 727 2883 specim.
761 2803 823 2861 hist.
855 2803 928 2866 med.
955 2801 1048 2878 inaug.
1075 2803 1113 2861 (16
1143 2803 1304 2883 Hippocra-

176 2888 214 2946 tis
246 2889 374 2947 doctn'na
396 2907 415 2946 a
437 2889 618 2967 prognostice
650 2887 776 2951 oriunda.
827 2885 921 2963 Lugd.
943 2888 1007 2945 Bat.
1032 2883 1124 2950 1832.
1146 2887 1178 2947 4.
1237 2896 1303 2964 (Co-

176 2969 253 3039 piosa
268 2974 296 3023 et
313 2969 416 3022 erudita
432 2969 595 3038 disquisitio,
622 2976 746 3023 accurate
763 2973 791 3022 et
812 2967 1087 3039 philologico-medice
1105 2970 1207 3024 (loacas
1224 2989 1302 3042 prae·

177 3037 307 3103 notiones,
324 3039 509 3107 prognosticon
527 3046 578 3092 stc.
597 3041 781 3108 pertractans.)

134 3126 247 3202 Traug.
268 3128 361 3186 Balth.
384 3129 451 3192 Chr.
473 3127 644 3187 Stentzel
668 3126 773 3206 (praes.
794 3126 867 3186 Dan.
890 3127 968 3188 Guil.
992 3126 1107 3206 Triller)
1134 3129 1170 3186 de
1189 3128 1303 3206 Hippo-

178 3213 263 3270 cratis
286 3213 380 3271 studio
406 3214 564 3272 anatomico
586 3213 728 3288 singulari.
772 3213 864 3276 Viteb.
888 3208 1030 3276 17514,
1052 3212 1170 3272 Emoad.
1189 3215 1304 3273 reditio

177 3296 258 3360 Trill.
274 3297 395 3375 Opnscc
416 3297 479 3361 Vol.
504 3299 526 3360 l.
550 3292 641 3361 1766.
664 3319 693 3376 p.
718 3293 896 3375 107-133‚
916 3300 1035 3376 quamvis
1055 3317 1108 3356 noa
1131 3295 1244 3356 Trilleri
1258 3298 1305 3356 sed

179 3379 325 3440 Steoueou
348 3387 480 3460 optarit,
505 3381 552 3440 Tr.
575 3403 623 3459 ope
648 3383 819 3441 elaboratum.

134 3465 198 3525 Elie
224 3468 269 3525 de
288 3465 491 3546 Lapoterie
517 3486 632 3526 examen
659 3468 696 3525 de
722 3467 750 3525 la
777 3466 903 3525 doctrine
924 3465 1129 3542 d'Hippocrate
1154 3465 1204 3523 des
1230 3465 1304 3526 dtres

178 3552 285 3610 animes
310 3571 357 3610 sur
378 3553 404 3611 le
429 3553 554 3631 principe
576 3554 615 3610 du
640 3557 817 3611 mouvement
843 3557 872 3610 et
899 3551 935 3608 de
956 3550 983 3608 la
1003 3550 1062 3628 vie,
1087 3571 1136 3609 sur
1161 3551 1200 3609 les
1230 3553 1304 3630 peri-

179 3636 250 3695 odes
284 3637 321 3695 de
352 3637 379 3695 la
400 3639 444 3696 vie
474 3638 613 3710 humahc,
638 3658 711 3716 pour
742 3637 828 3696 servir
853 3638 870 3696 ir
892 3632 1026 3694 l’histoire
1051 3636 1090 3694 du
1117 3638 1304 3714 magnetisme

178 3721 291 3780 animal.
334 3723 418 3781 Brest
440 3730 469 3782 et
487 3722 566 3781 Paris
590 3717 680 3786 1789.
707 3720 737 3785 8.

133 3804 181 3865 De
204 3805 352 3865 Lavaud
379 3807 555 3886 physiologia
579 3808 783 3886 d’Hippocrate
805 3807 922 3866 extruite
943 3807 979 3864 de
1000 3824 1045 3864 ses
1070 3824 1195 3868 oeuvres.
1227 3802 1306 3864 Paris

177 3911 216 3949 an
229 3892 257 3950 X
279 3886 400 3971 (1802.)
415 3890 444 3952 8.
469 3897 547 3965 (Cum
561 3898 690 3950 versione
704 3897 811 3950 Gallica
825 3895 890 3948 libri
905 3896 940 3947 de
955 3897 1028 3963 aire,
1043 3911 1117 3965 aqu,
1132 3896 1195 3964 loc„
1211 3913 1306 3948 secun-

178 3973 239 4025 dum
257 3972 347 4025 Foesii
364 3973 508 4028 versionem
527 3972 653 4039 latinam.)

133 4044 250 4104 Samuel
273 4046 404 4106 Hirsch
441 4048 509 4109 diss.
536 4047 630 4122 inaug.
653 4046 785 4106 nonnulla
810 4047 847 4104 de
867 4044 1050 4123 Hippocratis
1072 4044 1126 4103 Coi
1146 4044 1306 4121 cognitione

176 4131 420 4208 anthropologiae.
463 4131 558 4190 Berol.
585 4127 675 4191 1834.
698 4128 726 4191 8.

133 4215 255 4274 Gerard.
279 4217 322 4274 de
345 4217 417 4276 Vos
439 4217 511 4295 disp.
531 4217 626 4292 inaug.
649 4219 684 4275 de
705 4222 822 4275 naturae
837 4215 951 4290 vigore,
988 4213 1087 4290 majori
1118 4213 1147 4272 in
1178 4230 1248 4271 sano
1276 4218 1305 4270 et

176 4307 297 4378 aegroto
328 4321 430 4377 graeco
458 4302 639 4380 Hippocratis
664 4309 806 4381 ternpore,
843 4318 928 4376 quam
960 4299 989 4358 in
1014 4299 1116 4357 nostris
1140 4297 1306 4358 hominihus.

175 4382 273 4462 Lugd.
295 4386 360 4449 Bat.
387 4382 478 4449 1824.
500 4382 529 4445 8.

130 4468 207 4532 Dan.
229 4470 315 4531 Wilh.
336 4471 475 4533 Triller
497 4471 656 4532 exercitatio
678 4471 715 4530 de
731 4470 870 4532 alluvione
890 4467 1061 4530 alimentaria
1077 4469 1114 4527 ah
1130 4467 1305 4548 Hippocrate
