2874 4974
530 307 683 367 ·Medicina
715 311 860 387 gentilitia.
1243 313 1286 378 69

114 461 171 526 Gli.
194 459 289 521 Franz
314 459 467 520 immanuel
488 460 645 521 Sahmen
672 462 807 538 dogmata
832 471 956 525 veterum
978 473 1006 526 et
1027 470 1210 529 recentiorum
1224 488 1283 530 mc-

157 548 286 606 dicornm
306 565 460 623 eorumque
481 547 509 605 in
529 549 609 626 praxi
635 548 743 605 medica
765 568 841 608 usus.
885 550 996 630 Dorpat
1019 548 1110 617 1811.
1135 548 1165 614 8.

145 811 334 932 vn.
388 727 821 938 Boot—*rimo
855 823 959 938 (13
992 822 1247 942 moda

356 957 551 1077 3133
591 961 1035 1102 mentitam.

276 1229 355 1324 Α.
414 1162 782 1351 1333τῶ
787 1235 1111 1354 namucno.

408 1398 454 1481 l.
506 1397 647 1485 Sino
677 1409 734 1487 31
766 1402 982 1508 ,13333

109 1529 350 1680 Δ3ἰ1ἑὲ311ἶγετ
371 1557 489 1616 parvum
512 1539 673 1599 herbarium
694 1542 836 1601 vocabulis
858 1542 957 1600 Sinicis
977 1547 1116 1606 constans,
1145 1539 1277 1601 Francos.

107 1736 152 1748 -
183 1737 227 1748 -
262 1707 400 1785 specimen
425 1709 577 1768 medicinae
599 1710 708 1770 Sinicae
730 1713 787 1769 sive
812 1711 946 1788 opuscula
970 1711 1078 1768 medica
1101 1711 1137 1768 ad
1158 1716 1279 1767 mentem

151 1789 319 1849 Sinensium.
384 1792 455 1850 Cum
480 1794 549 1871 figg.
583 1795 649 1871 1133.
671 1799 748 1859 ineis.
784 1798 871 1855 textui
898 1797 1007 1854 insertis
1044 1801 1072 1852 et
1104 1794 1182 1854 tabb.
1216 1813 1277 1852 aen.

150 1874 243 1936 XXX.
288 1877 418 1939 Francos.
453 1873 545 1939 1682.
578 1878 607 1937 4.
684 1887 808 1952 (Auctor
844 1892 904 1938 erat
929 1883 1134 1937 Protomedicus
1162 1883 1278 1937 societa-

153 1955 188 2009 tis
207 1960 379 2011 mercatoriae
393 1958 420 2010 in
439 1959 512 2011 ludia
531 1960 667 2029 Orientali,
686 1980 807 2016 reversus
821 1971 862 2015 331
874 1963 900 2014 13
912 1963 1043 2031 Europam
1063 1962 1132 2013 circa
1150 1959 1277 2028 31680.)

110 2027 195 2086 Mich.
217 2031 267 2088 Bo
274 2052 325 2108 ym
347 2031 430 2088 clavis
456 2034 563 2091 medica
585 2036 622 2091 ad
645 2036 796 2094 Chinarum
820 2037 975 2093 doctrinam
998 2037 1033 2091 de
1055 2035 1190 2112 pulsibus.
1213 2035 1243 2092 S.
1259 2033 1277 2091 l.

154 2110 247 2174 1686.
269 2115 298 2174 4.
338 2120 469 2188 (Auctor,
484 2123 603 2176 Polonus
619 2142 652 2176 ex
668 2127 732 2180 Soc.
751 2127 825 2191 Jesu‚
842 2125 906 2176 fidei
921 2125 1114 2194 propagandae
1137 2125 1276 2176 3333313-

153 2195 221 2249 diam
240 2197 305 2250 vidit
324 2203 351 2250 et
367 2197 499 2267 imperium
518 2200 635 2267 Sinense,
654 2219 678 2253 a.
699 2201 766 2255 1652
784 2203 810 2254 in
828 2202 960 2270 Europam
973 2202 1059 2263 rediit,
1078 2200 1123 2253 sed
1137 2209 1196 2271 post
1209 2217 1276 2269 qua·

151 2264 292 2319 drieunium
311 2283 402 2319 rursus
420 2268 509 2320 Sinam
530 2271 615 2340 petiit,
633 2271 721 2338 ibique
740 2286 855 2323 mortuus
874 2280 914 2322 331
932 2289 957 2325 3.
978 2269 1068 2336 1659.)

108 2338 298 2417 (Harrieu)
321 2339 379 2418 Les
394 2348 497 2398 secrets
522 2345 559 2400 de
580 2344 606 2400 la
628 2344 771 2401 medecina
793 2346 843 2400 des
864 2343 993 2415 Chinois,
1016 2343 1170 2400 consistant
1192 2360 1228 2398 en
1248 2339 1276 2397 13

148 2425 267 2503 parfaite
277 2427 475 2484 connoissance
488 2428 526 2484 (13
538 2427 627 2504 pouls.
649 2428 791 2485 Grenohle
803 2422 893 2487 1671.
903 2424 951 2486 12.
965 2431 1089 2499 (aninh.
1098 2425 1275 2500 Allemand‘l)

106 2508 209 2568 Fraus.
225 2511 390 2654 131315393123
412 2512 455 2568 (13
469 2514 655 2588 Sauvages
675 2514 828 2571 medicinae
839 2513 963 2570 Sinensis
979 2517 1154 2590 conspectus.
1177 2510 1274 2568 Mont-

149 2594 215 2674 pell.
324 2641 330 2653 .
376 2643 382 2656 .

105 2679 201 2738 Pierre
235 2681 306 2739 Sue
341 2681 472 2739 memoire
504 2700 549 2739 sur
583 2682 663 2741 l'etat
692 2683 782 2742 actuel
808 2684 845 2741 de
872 2682 899 2740 la
925 2682 1063 2758 chirurgia
1086 2680 1103 2739 1
1124 2679 1151 2739 13
1174 2680 1272 2740 Chiae.

148 2764 226 2823 Paris
247 2760 339 2829 1802.
362 2762 390 2829 8.

104 2851 130 2909 J.
153 2851 187 2910 P.
205 2847 495 2909 Abel-Remusat
518 2851 584 2912 diss.
607 2852 643 2909 (13
664 2853 928 2928 3133333333131133,
954 2853 1011 2910 sive
1033 2854 1069 2910 de
1090 2851 1176 2927 313313
1198 2869 1272 2907 mon·

146 2937 247 2993 bonrm
272 2956 345 3012 quae
367 2956 402 2994 ex
427 2936 520 3011 113333
542 2944 701 3011 sumuntur,
731 2940 891 3016 praesertim
909 2939 986 3015 apud
1005 2938 1147 2997 Sinenscs.
1195 2935 1272 2994 Paris

148 3017 241 3081 1803.
264 3017 294 3082 4.
323 3026 458 3094 (Sinensis
483 3027 591 3094 linguae
613 3033 641 3078 et
662 3027 793 3080 historiae
815 3027 1019 3096 peritissimus.)

102 3105 205 3168 Franc.
226 3102 311 3164 Albin
331 3105 379 3164 Le
386 3125 478 3184 page
500 3108 567 3180 (non
590 3106 714 3187 Lesage)
737 3109 900 3168 recherches
920 3108 1089 3183 historiques
1112 3105 1271 3163 33313333-

148 3191 247 3249 633133
268 3193 318 3249 des
341 3192 463 3249 Chlnols.
485 3193 589 3253 These.
634 3193 711 3251 Paris
736 3190 826 3252 1813.
849 3195 878 3250 4.
923 3197 1067 3266 (Copiosa
1081 3203 1109 3248 et
1124 3196 1271 3262 diligenter

147 3276 220 3327 13313
239 3272 356 3326 collectio
375 3281 402 3326 et
421 3273 573 3340 dijudicatio
591 3275 728 3326 secundum
747 3275 875 3338 Duhalde,
893 3273 998 3339 Cleyer,
1016 3273 1090 3325 alios.
1118 3274 1173 3327 Cfr.
1193 3271 1269 3322 etiarn

147 3342 181 3395 de
199 3342 343 3394 sinensium
362 3343 488 3395 medicina
509 3343 615 3408 librum,
652 3361 727 3410 quem
745 3343 835 3410 lingua
853 3343 963 3406 11331133
982 3339 1138 3407 conscripsit
1155 3340 1270 3390 medicus

145 3411 246 3479 Anglus
264 3411 435 3478 Downing‚
454 3428 478 3464 a.
499 3409 602 3464 183631
620 3411 690 3466 3713
703 3412 767 3464 urbe
786 3414 888 3463 Canton
908 3411 1059 3461 medicinam
1075 3407 1189 3472 faciens3
1224 3407 1269 3474 qui

146 3481 212 3533 liber
230 3481 306 3532 etiam
326 3481 473 3548 germanice
491 3497 632 3533 convorsus
650 3488 706 3533 est:
739 3479 826 3533 Charl.
846 3479 881 3533 T.
902 3479 1029 3545 Downing
1050 3477 1124 3528 Fan·
1136 3474 1203 3528 Kuei
1221 3477 1269 3527 der

146 3549 298 3616 Fremdling
308 3551 334 3602 in
346 3550 440 3613 Chion,
455 3551 522 3603 nach
540 3550 587 3600 der
600 3551 709 3602 aweiten
728 3548 838 3616 11311333
850 3548 984 3600 iibersetzt
997 3563 1048 3599 von
1059 3546 1089 3600 C.
1105 3545 1267 3610 Richard,

145 3617 252 3672 hachen
271 3636 295 3671 u.
310 3618 401 3688 Leipz.
417 3618 526 3675 18418.
543 3618 651 3683 2V011.;
669 3619 729 3671 vide
747 3618 824 3670 etiam
840 3618 972 3669 Gerson
990 3632 1016 3672 u.
1034 3615 1143 3668 Julius
1161 3615 1267 3682 Magoa.

144 3688 170 3741 d.
190 3688 305 3742 auriand.
323 3689 404 3740 Liter.
420 3688 446 3743 d.
463 3688 548 3743 Heillr.
571 3687 646 3743 1827.
664 3689 713 3740 Hit
729 3687 768 3756 4.,
805 3696 833 3741 31
856 3686 997 3741 Transact.
1022 3686 1052 3737 ol
1068 3685 1112 3737 the
1130 3684 1196 3739 med.
1216 3684 1267 3737 and

144 3757 221 3827 phys.
237 3775 291 3810 soc.
311 3759 340 3812 ot
358 3759 481 3810 Calcutta
494 3758 552 3809 Vol.
575 3757 623 3824 ΙΙ.)

99 3827 194 3888 Carol.
216 3830 264 3894 Fr.
286 3831 490 3906 Heusinger
512 3831 650 3908 specimen
673 3829 739 3886 artis
755 3829 908 3906 Japonicae
929 3826 1267 3905 anthropologico-medi-

143 3935 215 3975 cum.
259 3915 405 3991 Marburg.
431 3911 563 3978 1830.f.
609 3918 693 3986 (Cnm
707 3916 800 3970 tabula
814 3918 925 3986 lithogr.
943 3917 1026 3986 picta,
1047 3917 1169 3968 feminam
1185 3917 1266 3984 lapa-

143 4014 247 4051 nensem
265 3996 358 4050 sistens
374 4009 475 4052 tumore
493 3995 619 4065 parotidis
638 4005 664 4047 et
683 3995 821 4062 glandulae
846 3993 990 4048 submaxill.
1013 3995 1122 4047 dextrae
1145 3993 1266 4046 laboran-

143 4073 208 4133 tem,
244 4082 260 4119 a
284 4066 425 4136 Japauensi
446 4066 545 4119 medico
562 4066 730 4129 delineatam
767 4063 895 4116 accedunt
916 4064 948 4115 de
964 4063 1148 4132 Japanensium
1165 4061 1266 4130 origine

144 4143 197 4192 etc.
216 4135 369 4205 quaedam.)

520 4238 572 4324 2.
625 4237 845 4323 Indiae.

97 4381 160 4442 Jac.
181 4379 339 4439 Boutius
365 4381 401 4438 de
426 4379 562 4438 medicina
586 4377 721 4436 ludorum
743 4378 804 4436 libri
821 4383 957 4453 quatuor:
982 4370 1011 4434 1.
1030 4373 1126 4433 Ν3133
1147 4373 1174 4432 13
1193 4373 1264 4433 Gar-

141 4465 214 4525 ciam
235 4465 271 4525 ab
293 4465 374 4524 Orta.
417 4460 446 4526 2.
468 4464 513 4524 De
540 4466 633 4524 diaeta
653 4482 792 4522 sanorum.
836 4459 864 4523 3.
888 4460 1039 4519 Methodns
1066 4459 1196 4519 medendi
1218 4458 1264 4517 ln-
