2874 4974
502 303 641 366 Medicina
661 301 790 382 mythice.
1192 299 1235 365 29

107 459 249 520 delivered
280 460 312 516 at
342 455 391 516 the
422 457 600 536 anniversary
633 457 757 533 meeting
788 456 822 516 of
850 453 899 515 the
931 455 1050 516 medical
1071 455 1177 534 society
1203 458 1237 517 oi

106 545 242 618 London‚
268 539 309 603 19
330 541 453 620 January
477 537 575 618 1778,
602 547 633 600 to
655 543 744 601 which
770 561 817 600 are
842 543 917 600 since
938 542 1033 602 added
1058 542 1169 601 various
1189 542 1233 601 hi-

107 630 221 689 storical
246 627 435 690 illustrationa.
478 625 573 690 Lond.
597 622 688 687 1778.
712 621 831 703 (1779.)
853 622 882 690 8.
926 632 980 698 (De
1001 632 1133 700 medicina
1152 637 1233 684 vetu-

110 711 225 765 stissima
243 709 356 779 mythice
374 716 523 778 comparata
541 725 597 761 cum
615 707 741 760 hodierna
758 707 859 760 rudium
877 707 1028 777 populorum
1046 707 1192 774 medicina.)

62 782 143 847 Frid.
165 785 330 842 Boerner
354 782 477 839 devera
498 782 650 839 medicinae
670 782 776 856 origiue
798 781 1011 857 potioribusque
1032 782 1145 857 ejusad
1160 781 1233 862 Hip-

106 869 232 948 pocratis
253 885 343 943 usque
367 871 495 944 tempora
520 866 694 924 incrementis
721 865 847 927 diatriba.
889 864 1032 942 Viteberg.
1046 861 1138 927 1754.
1149 862 1234 929 4.-

106 953 197 1011 Redit
217 956 247 1010 in
278 953 381 1009 Boern
405 957 481 1009 noct.
518 950 638 1028 Guelph.
662 944 755 1011 1755.
784 967 851 1028 pag.
873 944 1050 1014 att-267.
1096 957 1167 1023 (cfr.
1187 959 1232 1010 Jo.

107 1032 253 1086 Palmarius
279 1033 317 1085 ds
344 1031 610 1084 Grentssnrenil
636 1049 673 1083 oro
696 1030 827 1084 medicina
851 1037 968 1101 tempore
993 1032 1108 1100 mythico
1134 1032 1163 1086 in
1181 1051 1232 1088 usu

104 1105 195 1170 suerit
212 1102 240 1154 in
257 1100 384 1154 d'Orville
402 1101 472 1154 obss.
491 1099 596 1156 miscell.
614 1099 688 1155 Xlll.
707 1098 779 1166 336.)

62 1175 182 1252 Haquin
214 1173 397 1248 Wittberg
432 1173 542 1250 (praes.
570 1171 655 1235 Laur.
686 1171 719 1232 P.
746 1169 875 1251 wanlin)
909 1172 976 1235 diss.
1003 1172 1098 1250 inaug.
1131 1175 1232 1235 sistens

107 1260 213 1339 primas
235 1259 355 1334 origines
379 1257 541 1315 medicinae
584 1254 670 1314 Lund
696 1249 788 1316 1800.
810 1251 840 1314 4.

62 1341 145 1402 Rich.
168 1343 286 1402 Miller
308 1341 499 1418 disquisitions
522 1340 550 1398 in
571 1341 620 1399 the
642 1340 751 1417 history
766 1341 800 1398 of
810 1341 961 1399 medecine.
991 1340 1023 1403 P.
1040 1340 1062 1399 Ι.
1078 1343 1233 1422 exhibiting

106 1449 126 1487 a
149 1429 220 1487 view
241 1429 276 1486 of
292 1428 406 1506 physic,
447 1444 479 1484 as
511 1427 649 1484 observed
680 1432 710 1484 to
737 1425 853 1484 flourish
879 1426 908 1484 in
933 1431 1041 1485 remote
1068 1428 1182 1506 periodo
1203 1429 1232 1489 in

105 1512 223 1590 Europe
245 1514 304 1571 and
326 1513 375 1571 the
395 1512 474 1569 East.
517 1510 621 1569 Edinb.
650 1504 742 1572 1811,
767 1504 797 1572 8.

60 1597 141 1661 Will,
162 1598 295 1675 Heyliger
315 1596 417 1657 Raan
450 1596 518 1657 diss.
540 1596 634 1672 inaug.
667 1597 704 1653 de
735 1595 803 1654 artis
835 1593 994 1671 apollinaris
1019 1613 1053 1654 ex
1079 1614 1150 1656 aevo
1173 1594 1232 1656 Ae-

107 1682 268 1761 sculapiano
289 1683 328 1741 ad
352 1679 516 1739 Galenicum
537 1686 620 1742 statu.
663 1678 766 1741 Ediub.
789 1674 881 1742 1818.

61 1766 110 1830 Jo.
137 1767 168 1825 H
175 1767 325 1826 earnius
345 1767 436 1824 oratio
458 1767 495 1824 de
515 1765 669 1836 medicinae
691 1764 808 1840 origine,
828 1762 1045 1841 Aesculapidum
1064 1783 1098 1822 ac
1118 1764 1232 1845 Hippo-

106 1853 190 1911 cratis
215 1853 302 1930 stirpe
326 1858 356 1910 et
387 1850 504 1928 scriptis.
559 1847 654 1926 Lugd.
679 1850 743 1912 Bat.
773 1843 865 1912 1584.
887 1844 918 1910 4.
954 1849 990 1912 ib.
1018 1845 1109 1913 1589.
1130 1845 1161 1914 4.
1193 1852 1231 1917 ib.

105 1931 200 2001 1608.
221 1933 252 2000 4.
274 1942 300 1995 et
318 1940 349 1996 in
373 1935 451 2014 Opp.
472 1954 548 1998 omn.
573 1932 669 2012 Lugd.
692 1934 757 1995 Bat.
780 1930 873 1994 1609.
894 1929 924 1993 4.
946 1934 982 1998 ib.
1001 1929 1095 1994 1658.
1117 1936 1137 1995 f.

272 2123 323 2210 b·
374 2119 479 2204 Dic·
502 2124 559 2205 et
586 2123 786 2205 heroes
810 2119 1023 2206 medici·

61 2277 108 2337 Jo.
131 2275 210 2336 Frid.
231 2277 355 2355 Meyer
379 2278 416 2335 de
437 2273 603 2335 valetudinis
626 2276 678 2334 diis
699 2278 863 2352 deabusque
887 2283 1012 2335 veterum
1032 2278 1156 2354 gentium
1170 2297 1231 2339 me·

63 2365 84 2413 u
106 2363 186 2424 dicis.
230 2361 307 2441 Lips.
330 2357 421 2424 1670.
445 2358 474 2424 4.
519 2375 590 2441 (cn.
604 2375 733 2445 Spreuger
749 2373 916 2444 astringas.
935 2375 968 2429 a.
981 2376 1006 2426 a.
1024 2376 1063 2430 M.
1080 2377 1130 2431 ιιι.
1144 2376 1231 2448 afg.)

62 2448 108 2511 Jo.
132 2447 223 2506 Haut.
244 2467 313 2506 von
336 2445 465 2507 Seelen
492 2447 528 2504 de
549 2446 602 2503 diis
628 2448 791 2522 deabusque
812 2454 937 2506 veterum
957 2447 1083 2523 gentium
1107 2450 1230 2508 medicis.

105 2529 215 2595 Lubec.
242 2527 333 2594 1736.
358 2527 387 2594 4.
431 2536 543 2603 (Theoi.
568 2543 640 2587 auct.
664 2536 753 2604 opus.)

64 2616 160 2678 Carol.
184 2616 263 2680 Frid.
285 2616 577 2675 Hundertmarclr
602 2616 760 2674 exercitatio
783 2616 820 2674 de
841 2614 1010 2694 principibus
1026 2616 1078 2673 diis
1092 2617 1158 2675 artis
1172 2637 1232 2676 me·

105 2702 187 2759 dicae
206 2700 368 2759 tutelaribus
390 2702 467 2778 apud
491 2706 600 2760 veteres
619 2700 745 2760 Graecos
766 2707 852 2776 atque
872 2702 1024 2765 Romanos.
1045 2700 1123 2781 Lips.
1140 2697 1231 2767 1735.

103 2780 136 2848 4.
158 2819 202 2830 —
233 2785 330 2844 Reuss.
352 2789 382 2844 in
405 2783 580 2844 Achermann
612 2805 708 2863 opusc.
739 2785 777 2843 ad
808 2786 909 2846 medic.
935 2786 1031 2844 histor.
1064 2789 1231 2864 pertinentia

105 2867 251 2944 (Norimb.
274 2865 366 2931 1797.
387 2865 432 2949 8.)
459 2888 525 2948 pag.
549 2865 676 2930 1-48.
721 2875 828 2944 (Docta
849 2875 1016 2928 elucubratio
1039 2877 1074 2928 ds
1095 2878 1231 2949 Apolline,

104 2950 272 3022 Aesculapio,
290 2952 396 3020 Hygan,
414 2952 535 3004 Panacea
553 2951 597 3017 al.)

62 3023 119 3087 Jnl.
142 3024 208 3087 Car.
231 3022 432 3100 Schlaeger
457 3023 653 3083 commentatio
675 3025 713 3081 de
735 3024 787 3083 diis
807 3023 1022 3100 hominibusque
1042 3027 1232 3087 servatoribus

105 3127 141 3168 ex
162 3109 253 3166 numia
275 3114 362 3183 atque
389 3109 570 3176 marmoribus
598 3108 716 3167 vetustis
737 3111 776 3166 ad
797 3109 873 3167 varia
899 3110 1078 3188 epistolamm
1102 3110 1232 3172 Paulina-

104 3212 169 3252 rum
189 3192 260 3256 loca.
304 3187 594 3256 Helmestad.1737.
619 3189 649 3255 4.
674 3227 713 3238 -
742 3191 806 3251 Cum
826 3189 848 3253 4
871 3196 941 3257 tohh.
967 3215 1027 3253 oen.
1051 3215 1168 3255 nummos
1187 3193 1230 3258 48

106 3279 200 3340 exhih.
245 3283 298 3352 (De
309 3283 361 3335 diis
374 3287 402 3336 st
412 3282 518 3336 heroib.
531 3281 689 3351 cognomine
701 3273 813 3357 σωτήρ,
830 3282 959 3350 salvator,
977 3282 1114 3352 insignitis
1126 3286 1173 3352 al.)

62 3361 133 3426 Phil.
155 3361 234 3426 Frid.
258 3362 433 3422 Garmann
466 3364 503 3423 de
535 3362 595 3420 Diis
620 3362 734 3421 medicis
766 3363 803 3422 ad
830 3363 914 3422 Ovid.
937 3363 1050 3426 Metam.
1071 3364 1092 3422 1.
1115 3360 1178 3423 521
1202 3370 1232 3424 et
1352 3321 1357 3328 =

105 3447 182 3509 Cels.
206 3449 326 3526 praefat.
368 3449 493 3506 Miserae
518 3442 609 3507 1740.
630 3442 659 3509 4.

62 3531 103 3595 Η.
130 3531 162 3595 Ρ.
185 3532 215 3590 S.
239 3531 412 3612 (Schlosser)
439 3535 475 3591 de
497 3533 567 3590 divis
590 3530 835 3590 obstetricantibus
861 3541 890 3589 et
910 3531 983 3590 circa
1002 3538 1114 3609 partum
1135 3551 1232 3593 recens

106 3617 215 3675 editum
238 3618 380 3696 occupatis
409 3637 443 3678 ex
469 3617 636 3694 antiquitate
662 3617 791 3675 Romana
815 3617 947 3680 nonnihil.
989 3617 1122 3681 Francos.
1144 3638 1170 3683 a.
1191 3619 1231 3684 M.

108 3696 201 3762 1767.
223 3699 254 3764 4.
299 3707 375 3774 (Jcti
395 3723 462 3778 opus
483 3707 519 3760 ad
540 3704 652 3776 mythol.
672 3705 835 3776 pertinens.)

63 3786 197 3845 Gerhard
217 3783 309 3846 Adam
334 3785 526 3847 Neuhoier
557 3789 594 3845 de
627 3786 685 3845 Diis
707 3786 854 3844 salutiferis
879 3786 957 3865 apud
977 3791 1086 3846 veteres
1107 3787 1232 3848 Graecos

104 3878 195 3948 atque
215 3871 369 3935 Romanos,
412 3871 525 3931 Altorfii
548 3867 638 3932 1793.
663 3866 693 3932 4.
737 3876 849 3942 (Theol.
871 3881 943 3927 auct.
961 3877 1051 3944 opus.)

62 3955 96 4020 C.
119 3954 155 4020 A.
177 3957 212 4017 Β.
237 3957 284 4015 die
314 3956 544 4034 heilbringenden
579 3956 690 4018 Giitter.
739 3954 811 4015 Eine
843 3953 1065 4032 Neujahrsgabe.
1109 3957 1233 4018 Weimar

105 4035 201 4100 1803.
226 4035 256 4103 8.
280 4074 320 4086 -
344 4041 439 4102 Recita.
460 4044 488 4099 in
510 4040 633 4099 Bertuch
654 4040 771 4098 Journal
792 4043 842 4098 des
862 4039 961 4099 Luxus
979 4043 1037 4100 und
1052 4043 1103 4100 der
1113 4041 1231 4116 Moden,

105 4121 208 4198 1803,
235 4125 345 4186 Januar
369 4128 399 4190 S.
421 4123 442 4186 3
464 4127 504 4201 ig.
531 4131 556 4183 et
573 4128 603 4183 in
624 4125 753 4200 Bittiger
773 4125 863 4184 hlaine
883 4126 1038 4197 Schriften,
1070 4126 1232 4203 gesammelt

104 4193 214 4273 ussat.
236 4210 327 4288 salig,
349 4213 404 4275 Ba.
430 4211 452 4273 1.
478 4211 508 4271 s,
532 4205 574 4268 93
599 4210 639 4286 fg.
684 4214 760 4280 (car.
782 4214 853 4284 Aug.
872 4215 1027 4290 vlaetargum,
1049 4217 1166 4269 cereum
1187 4233 1232 4269 ar-

105 4291 254 4359 chaeologi‚
272 4292 464 4364 disquisitiones
483 4289 553 4344 circa
570 4289 750 4360 Aesculapium
767 4294 830 4359 etc.)

64 4363 106 4424 Jo.
132 4364 197 4422 Alb.
220 4365 325 4425 Sebiz
351 4367 416 4425 diss.
443 4366 480 4424 de
509 4361 676 4443 Aesculapio
701 4364 847 4423 inventore
875 4364 1037 4425 medicinae.
1079 4362 1230 4441 Argentor.

103 4445 197 4511 1669.
219 4443 249 4508 4.
