2874 4974
159 1191 232 1313 Ι.
283 1189 692 1311 noeman
725 1191 1192 1317 medicinae

402 1349 940 1471 uniuersalis.

592 1584 757 1592 *-

286 1689 366 1784 A.
436 1687 664 1810 onera
705 1690 1058 1811 sennontcu.

89 1875 146 1969 Jo.
167 1909 233 1971 Job.
258 1909 413 1968 Bartsch
440 1911 558 1988 epistola
582 1914 618 1970 de
640 1913 734 1970 studio
758 1911 891 1970 historiae
913 1912 1037 1971 medicae
1054 1910 1181 1986 jucundo
1203 1930 1261 1971 non

133 1996 224 2053 miuus
249 2013 282 2052 ac
305 1995 373 2053 utili.
416 1994 494 2073 Lips.
524 1991 613 2056 1757.
636 1993 666 2054 4.

89 2063 251 2177 Paradoys
279 2081 369 2137 oratio
391 2081 427 2138 de
449 2082 610 2156 cognitione
635 2080 767 2138 historiae
788 2081 922 2152 medicae,
948 2099 1053 2155 magno
1075 2085 1135 2138 tum
1150 2081 1187 2139 ad
1202 2099 1261 2140 me-

132 2164 237 2222 dicim
262 2171 321 2222 arte
344 2167 497 2222 exercenda
519 2166 677 2242 solertiam,
710 2169 770 2223 tum
791 2165 830 2223 ad
853 2165 920 2223 artis
940 2165 1184 2244 amplificationem
1210 2166 1263 2224 ad·

129 2249 268 2324 jumento.
312 2247 412 2324 Lugd..
429 2250 493 2307 nat.
517 2247 607 2309 1800.
630 2248 659 2307 4.

90 2333 167 2410 Aug.
193 2333 280 2392 Ferd.
305 2334 562 2409 Briiggemanu
593 2335 658 2394 diss.
689 2333 782 2407 inaug.
812 2331 1016 2406 delegendae
1043 2330 1177 2389 historiae
1202 2351 1262 2390 me-

134 2419 215 2476 dicae
242 2418 376 2491 utilitate,
410 2419 541 2477 historiae
569 2421 605 2476 de
630 2417 708 2475 Frid.
737 2416 903 2474 Hoffmanni
931 2414 1083 2473 medicinae
1110 2422 1262 2492 systemate

133 2504 311 2581 prodromos
354 2497 614 2566 Ber01.1824.8.

92 2587 176 2647 Ferd
203 2586 279 2649 Guil.
300 2588 441 2646 Becker
463 2589 499 2646 de
518 2588 649 2644 historica
672 2585 824 2643 medicinae
850 2583 1033 2661 explicatione
1053 2583 1176 2662 prolusio
1197 2602 1262 2642 aca-

135 2671 252 2730 demica
295 2672 387 2730 Berol
417 2667 507 2733 1830.
534 2666 562 2730 8
615 2683 781 2750 (Medicinae
798 2683 905 2734 formam
928 2689 1052 2734 mutatam
1078 2699 1151 2748 esse,
1182 2689 1263 2752 prout

135 2752 347 2888 pplluprpphpnica
364 2752 406 2806 vei
425 2752 539 2804 chemica
563 2752 606 2805 vel
624 2751 751 2820 organica
769 2749 941 2804 consideratio
960 2751 1029 2820 apud
1046 2751 1160 2804 medicos
1184 2769 1263 2821 prae·

92 2894 191 2954 Heinr.
216 2893 283 2952 Ant.
314 2892 468 2951 Stecher
490 2891 578 2950 Edler
598 2912 624 2950 v.
655 2891 830 2950 Sebenitz
862 2890 985 2949 Theorie
1016 2893 1067 2949 der
1095 2891 1263 2951 Geschichte

135 2979 187 3036 der
208 2975 415 3036 Arzneikunde.
466 2975 582 3056 [Etiam
604 2996 660 3035 cam
685 2979 727 3033 nt.
750 2977 851 3032 lutino:
876 2975 952 3036 Diss.
976 2976 1070 3055 inaug.
1093 2977 1130 3033 de
1155 2976 1264 3035 theoria

134 3063 267 3120 historiae
285 3059 462 3140 medicinae]
488 3062 570 3119 Wien
594 3057 683 3119 1831.
706 3055 735 3118 8.
780 3073 951 3136 (Germanica
960 3072 1047 3143 lingua
1066 3072 1264 3144 conscriptum.)

95 3147 166 3205 Gen.
189 3145 257 3204 Phii.
281 3145 415 3224 Ludolph
436 3146 648 3203 Beckedorf
671 3145 766 3206 diss'
759 3165 853 3219 maog
878 3147 914 3203 de
935 3152 1012 3204 statu
1034 3147 1186 3204 medicinae
1211 3146 1265 3204 ho·

136 3232 258 3289 diernae.
302 3233 387 3308 Spec
411 3229 451 3302 1.,
483 3232 627 3307 continens
653 3230 816 3286 methodum
842 3248 898 3302 qua
923 3232 1070 3289 tractanda
1090 3231 1127 3287 sit
1147 3230 1264 3289 historia

136 3322 228 3374 status
250 3317 402 3373 medicinae
423 3273 585 3390 praesentis
630 3313 761 3388 Gotting
788 3307 879 3371 1799.
902 3307 931 3370 4.

94 3399 196 3459 Ludw.
219 3400 399 3458 Choulant
419 3398 501 3456 Rede
522 3400 591 3456 iiber
615 3399 670 3457 den
693 3397 815 3453 Einfluss
838 3398 888 3454 der
913 3396 1035 3454 Medicin
1057 3397 1111 3455 anf
1127 3395 1174 3454 die
1196 3395 1264 3456 Cul-

137 3491 185 3542 tur
206 3485 256 3542 des
274 3483 609 3558 Menschengeschlechts.
652 3479 750 3557 Leipz.
774 3475 865 3539 1824.
887 3476 916 3539 8.

93 3567 130 3628 L.
153 3568 186 3627 P.
212 3566 285 3646 Aug.
312 3568 490 3626 Gauthier
512 3569 548 3626 de
576 3565 730 3624 l’influence
751 3584 807 3640 que
829 3565 855 3622 la
877 3564 1021 3624 mddecine
1042 3583 1059 3622 a
1082 3583 1196 3625 exerces
1216 3585 1264 3625 sur

137 3652 166 3711 la
187 3652 349 3712 civilisntion
377 3663 404 3714 et
427 3653 468 3711 les
493 3653 613 3731 progres
639 3653 689 3710 des
711 3651 849 3728 scieuces‚
882 3650 1007 3708 discours
1039 3650 1076 3708 de
1111 3651 1263 3730 receptior.

135 3736 221 3815 Lyon
243 3733 334 3797 1835.
357 3732 387 3798 8.

174 3903 257 4000 Β.
299 3900 664 4001 Producant
702 3919 985 4018 oncrum
1015 3921 1177 4018 pro-

490 4020 865 4116 missorum.

92 4172 184 4234 Henr.
212 4173 367 4232 Meihom
389 4175 426 4232 de
446 4174 616 4232 medicorum
638 4174 753 4232 historia
778 4172 924 4230 scribenda
947 4171 1064 4250 epistola
1079 4172 1118 4230 ad
1132 4168 1169 4228 G.
1185 4166 1262 4228 Hier.

135 4258 306 4318 Velschium.
334 4259 508 4318 Helmestad.
532 4253 623 4320 1669.
646 4254 676 4317 4.
720 4269 813 4334 (Pater
836 4268 950 4322 auctoris
973 4267 1014 4324 Jo.
1039 4267 1120 4320 Hem.
1149 4264 1263 4321 Meihom

136 4338 271 4394 historiam
288 4340 414 4395 medicam
432 4357 454 4397 ι.
472 4341 505 4394 da
522 4339 629 4392 medicis
647 4345 675 4393 et
692 4339 731 4392 rei
748 4339 863 4395 medicae
881 4337 1053 4418 scriptoribus
1067 4336 1182 4389 roribus
1194 4338 1264 4420 apud

135 4426 166 4462 se
184 4409 364 4475 constituerat,
382 4415 464 4464 morte
481 4415 635 4478 praereptus
653 4407 785 4468 consilium
804 4407 856 4460 filio
866 4407 981 4460 flenrico
993 4404 1108 4472 reliquit,
1125 4405 1172 4467 nod
1184 4409 1262 4466 etiem

971 4491 1011 4551 1.
