2874 4974
111 302 171 372 Ι54
565 311 706 372 Medicina
734 314 857 389 antiqua.

172 467 290 542 Beitrag
311 485 362 523 zur
382 465 543 542 Erldirung
564 466 614 526 des
635 463 731 526 Livius
758 466 818 527 uud
840 485 891 525 zur
914 464 1043 544 Tilguug
1065 469 1116 526 des
1142 465 1302 547 Aberglau·

174 552 250 610 bens.
293 547 627 628 Braunschweig1802.
652 546 681 611 8.

548 701 881 756 mutuaretur.

133 805 165 863 C.
189 806 226 863 G.
254 804 350 865 Nees
375 828 443 866 von
465 808 657 872 Eseubech
677 804 1301 885 uudJ.Noeggerathgiethacitusei-

174 910 229 949 nen
250 891 434 951 historischen
457 895 579 951 Beweiss
605 913 660 950 von
684 891 881 951 vulkanischen
909 893 1085 970 Eruptionen
1106 914 1151 952 um
1176 893 1300 954 Nieder-

173 972 366 1121 grppptlgspg
383 976 575 1122 Ngiiggerath’s
597 978 721 1055 Gebirge
742 979 771 1035 in
788 977 1150 1087 Rheinlaud-Westphaleu
1175 975 1207 1042 3.
1229 981 1300 1062 Bd.)

551 1176 613 1232 NN.
661 1178 883 1234 Curtius.

133 1279 211 1339 Frid.
239 1281 381 1361 Lepner
410 1285 475 1342 diss.
502 1285 539 1343 de
564 1286 677 1343 adfectu
704 1281 855 1342 Alexandri
881 1283 921 1349 M.
951 1241 1068 1362 ejusque
1093 1287 1240 1347 curatione
1266 1305 1300 1347 ex

177 1366 265 1426 Curtii
290 1369 308 1426 l.
331 1368 379 1428 lll.
401 1365 432 1447 5,
453 1365 484 1428 6.
526 1370 690 1447 Regimonti
715 1364 806 1434 1670,
832 1367 861 1433 4.

514 1519 579 1573 00.
631 1520 920 1576 Suetonius.

134 1624 179 1687 Jo.
204 1622 305 1683 Daniel
331 1627 451 1703 Geyer
476 1625 587 1706 (Geier)
612 1626 758 1685 meletema
783 1628 811 1684 iu
836 1627 964 1686 Suetonii
988 1624 1110 1703 Augusti
1137 1644 1161 1686 c
1183 1624 1300 1690 LXXX.

177 1709 214 1767 de
238 1710 480 1775 harundinetione.
523 1711 602 1791 Lips.
625 1706 719 1772 1689.
741 1706 771 1770 4.

135 1791 208 1851 Dan.
233 1795 316 1853 With.
339 1797 477 1854 Triller
501 1798 660 1855 exercitatio
687 1796 956 1875 medico-philolog.
984 1797 1020 1854 de
1045 1801 1168 1854 veterum
1197 1795 1301 1854 chirur-

179 1897 279 1953 gotum
302 1882 482 1939 arundinibus
503 1889 589 1956 atque
615 1882 731 1940 habenis
759 1883 797 1938 ad
819 1888 896 1939 artus
921 1879 993 1940 male
1017 1880 1113 1938 firmos
1134 1880 1300 1940 confirman-

180 1964 233 2020 dos
254 1966 393 2038 adhibitis,
419 1968 558 2025 occasioni
582 1967 636 2024 loci
658 1967 803 2042 cujusdam
825 1967 989 2025 Suetoniani
1010 1966 1208 2029 obscurissimi.
1251 1965 1302 2024 Vr-

179 2049 238 2106 teb.
265 2044 355 2109 1749.
381 2049 411 2113 4.
433 2085 481 2095 -
504 2051 634 2111 Reddin
649 2052 699 2111 Tr.
715 2052 838 2129 Opuscc.
861 2051 919 2109 Vol
932 2052 954 2109 1.
974 2046 1066 2111 1766.
1082 2072 1110 2128 p.
1122 2045 1301 2110 317-3'28.

182 2129 303 2192 (Sueten.
322 2133 421 2185 Octav.
443 2132 494 2186 802
526 2133 688 2198 „coxendice
706 2141 733 2185 et
750 2134 847 2184 femore
865 2139 893 2185 et
908 2148 984 2185 crure
1001 2132 1107 2184 sinistro
1125 2149 1177 2185 nou
1195 2131 1302 2200 perinde

180 2199 294 2265 valebat,
312 2209 341 2253 ut
358 2219 436 2272 saepe
454 2201 533 2254 etiam
550 2203 609 2254 inde
628 2203 795 2269 claudicaret,
814 2203 861 2254 sed
879 2201 991 2254 remedio
1009 2200 1162 2253 harenarum
1180 2208 1209 2252 et
1223 2217 1302 2253 arun·

181 2267 268 2320 dinum
287 2271 516 2335 confirmabatur“‚
534 2273 578 2323 ubi
596 2272 643 2324 Tr.
663 2271 727 2339 legit
745 2288 826 2337 „rem
844 2271 1031 2337 habenarum“‚
1049 2277 1077 2323 et
1093 2269 1235 2323 arundines
1253 2287 1301 2340 pro

180 2337 271 2391 ferulis
288 2340 465 2408 chirurgorum
482 2340 580 2406 habet.)

138 2409 258 2470 cottus
280 2413 346 2471 caa
369 2414 607 2491 Springsfeld
636 2413 755 2491 epistola
777 2413 872 2471 antica
892 2414 939 2471 aa.
962 2386 1034 2471 nan.
1061 2411 1136 2470 curu
1153 2410 1302 2470 usurarum

179 2514 264 2574 super
285 2498 347 2556 loco
371 2500 495 2574 quodam
518 2499 645 2557 Suetonii
670 2499 706 2555 ab
728 2519 762 2556 eo
787 2503 906 2560 tentato.
927 2497 1005 2577 Lips.
1029 2492 1120 2560 1750.
1141 2494 1171 2554 4.
1205 2501 1303 2568 (Here

180 2594 228 2629 nas
246 2596 304 2631 esse
323 2578 442 2633 balneum
461 2581 622 2642 arenarium,
641 2580 779 2632 arundines
796 2596 860 2632 vero
877 2578 981 2632 radices
999 2596 1057 2631 esse
1074 2576 1209 2630 arundinis
1226 2584 1302 2631 aceto

181 2647 301 2700 conditae
318 2648 505 2714 secund.,Plin.
516 2648 615 2702 XXIV.
633 2648 690 2712 ll.;
725 2648 762 2705 M.
783 2649 818 2703 G.
836 2647 868 2703 L.
887 2647 1026 2700 Minter
1049 2647 1076 2698 in
1095 2645 1177 2699 diario
1196 2646 1303 2700 Hanno-

181 2732 278 2769 verano
297 2717 357 2770 anni
379 2716 444 2772 1750
461 2716 569 2769 Trilleri
587 2717 730 2786 opinionem
749 2717 835 2784 rejicit
853 2725 881 2769 et
898 2716 963 2783 legit
981 2716 1302 2780 ‚‚aeriuarum“seo.l'liu.

181 2783 269 2840 XXII.
287 2786 345 2852 25,;
364 2787 480 2840 Boerner
497 2787 692 2852 ,‚havenarum“
710 2787 764 2854 legi
781 2787 876 2840 debere
894 2785 1024 2855 conjicit.)

138 2852 213 2919 Dan.
236 2857 319 2917 Wilh.
342 2859 477 2919 Triller
502 2861 660 2918 exercitatio
684 2858 773 2918 altera
804 2860 913 2937 plenior
946 2860 984 2918 ad
1013 2858 1154 2934 quendam
1176 2857 1302 2916 Suetonii

182 2940 272 2999 locum
297 2944 325 3001 in
349 2945 407 3001 vita
427 2943 549 3022 Augusti
571 2946 608 3003 de
632 2946 757 3003 remedio
781 2945 952 3002 habenarum
972 2951 1057 3019 atque
1077 2943 1302 3020 arundinurn,iu

182 3044 239 3101 qua
260 3028 411 3106 probabilis
435 3031 490 3088 ista
519 3029 677 3090 emendatio
704 3030 784 3087 novis
809 3030 980 3104 argumentis
1005 3028 1097 3088 valide
1124 3027 1303 3087 confirmatur

134 3119 136 3123 ’
182 3117 211 3169 et
236 3130 254 3168 a
275 3114 382 3172 frivolis
406 3116 505 3194 nuperi
529 3115 673 3189 cujusdam
698 3115 849 3173 adversarii
875 3113 1078 3188 objectionibus
1097 3111 1189 3171 solide
1214 3113 1302 3173 viudi-

182 3201 268 3260 catur.
313 3199 442 3258 Francos.
465 3194 557 3260 1751.
580 3193 610 3256 4.
635 3232 679 3243 -
702 3199 789 3257 Redit
808 3201 838 3256 in
859 3198 909 3257 Tr.
932 3198 1055 3277 Opuscc.
1078 3195 1141 3256 Vol.
1167 3197 1189 3260 l.
1212 3191 1301 3258 1766.

182 3300 210 3360 p-
233 3278 410 3350 328-399.
454 3290 574 3357 (Acriter
591 3295 686 3341 contra
700 3288 951 3358 Springsleldiurn.)

140 3367 204 3425 Glo.
228 3369 260 3427 C.
287 3371 308 3427 S
315 3369 524 3448 pringsfeld
547 3371 673 3429 defensio
695 3370 807 3428 uberior
827 3388 878 3446 per
898 3367 972 3432 Dan.
998 3366 1073 3424 Guil.
1094 3364 1209 3425 Trilleri
1229 3384 1303 3426 exer-

183 3453 342 3514 citationem
359 3455 475 3515 alteram
486 3456 639 3534 pleniorem
657 3457 693 3514 de
706 3455 829 3513 remedio
847 3454 1019 3513 habenarum
1037 3457 1123 3527 atque
1138 3453 1303 3511 arundinum

184 3544 308 3612 extorta,
332 3559 388 3615 qua
409 3548 522 3619 recepta
547 3540 601 3599 loci
626 3541 770 3616 cujusdam
792 3540 957 3598 Suetoniani
971 3538 1052 3597 lectio
1067 3538 1161 3594 denuo
1182 3537 1303 3596 vindica·

183 3627 238 3680 tur.
280 3624 347 3685 Hal.
370 3621 464 3686 1752.
488 3635 518 3686 4.
564 3630 629 3697 (Hic
644 3629 705 3682 finis
720 3629 862 3698 impositus
876 3627 921 3680 liti
934 3628 1011 3680 nimis
1027 3625 1240 3694 contentiosas.)

141 3706 301 3785 Christoph.
325 3706 399 3785 Aug.
421 3710 606 3774 Heumann
643 3708 738 3793 (resp.
764 3709 884 3786 Miller)
915 3710 952 3768 de
979 3707 1116 3768 miraculis
1130 3705 1303 3785 Vespasiani.

183 3791 246 3857 Jen.
270 3788 361 3856 1707.
383 3789 413 3857 4.
457 3799 513 3867 (Ad
528 3800 643 3858 Sueten.
659 3802 744 3870 Vesp.
759 3798 835 3867 Vll.)

574 3945 630 4002 ΡΡ.
683 3947 869 4000 Cicero.

141 4050 186 4108 Jo.
212 4050 289 4112 Sam.
314 4050 452 4126 Berger
474 4053 510 4111 de
531 4053 667 4112 Cicerone
688 4053 805 4116 medico.
848 4051 941 4111 Viteb.
965 4043 1056 4109 1711.
1085 4040 1212 4127 (1714.)
1237 4043 1267 4108 4.

142 4136 226 4198 Beru.
250 4133 284 4193 F.
307 4134 382 4192 Rud.
405 4133 529 4194 Lauhu
555 4138 620 4200 diss.
644 4137 788 4214 epistolica
810 4138 847 4196 de
872 4137 1008 4193 Cicerone
1028 4133 1095 4191 artis
1118 4133 1253 4192 medendi
1276 4147 1306 4188 ae

183 4221 354 4279 medicorum
378 4226 507 4297 patrono.
550 4222 612 4284 Jeu.
635 4218 726 4283 1750.
752 4217 781 4282 4.

140 4306 216 4366 Petr.
243 4304 418 4365 Eherman
452 4304 541 4386 (resp.
562 4305 651 4364 Andr.
677 4307 759 4369 Gust.
782 4301 958 4383 Barchaeus)
985 4304 1022 4363 de
1050 4302 1167 4361 historia
1191 4298 1307 4362 naturali

184 4392 287 4450 lumine
311 4389 477 4467 scriptorum
509 4389 755 4450 Ciceronianorum
790 4391 951 4450 mirabiliter
984 4387 1155 4452 collustrata.
1211 4383 1307 4467 Upsal.

185 4471 276 4538 1759.
302 4469 333 4533 4.
