2874 4974
486 307 615 370 Romani
682 306 848 368 orientales.
1204 303 1247 370 61

118 464 179 524 teb.
203 458 295 524 1750.
316 459 347 523 4.
373 494 418 509 -
440 461 528 522 Redit
547 466 578 521 in
598 461 649 524 Tr.
672 481 786 539 opuscc.
796 459 861 522 Vol.
876 460 899 521 1.
917 455 1011 523 1700.
1022 481 1051 539 p.
1065 457 1245 524 413-430.
1357 452 1366 471 “

120 546 211 616 (Apud
230 545 302 599 Cael.
320 543 408 600 Aurel.
427 544 518 601 ohrou.
536 545 584 600 lV.
602 562 626 597 o.
640 545 681 602 ln:
698 543 726 597 in
744 543 834 596 vesica
850 542 980 665 speciales
998 543 1125 616 plurimae
1142 548 1247 615 passio·

120 632 167 668 nes
185 613 316 702 eveniunt,
334 621 428 680 tumor,
447 613 577 679 collectio,
595 613 679 680 ulcus,
697 612 816 678 durities,
835 631 857 681 φ
882 613 997 682 raptans
1017 620 1069 670 eto.
1086 615 1141 684 legi
1150 616 1246 670 dehere

73 685 346 832 Pss‘llllhll')sur
372 754 400 814 la
425 755 544 815 maladie
572 755 609 813 de
630 755 691 813 face
715 755 828 813 nomme
854 753 881 814 le
907 755 961 815 ‘lic
985 754 1159 834 douloureux
1179 775 1248 817 avec

119 841 258 942 quelques
289 841 437 900 reflexione
470 859 517 898 sur
551 839 578 898 le
609 840 722 916 Raptus
743 841 858 899 caninus
880 841 917 900 de
939 840 1050 899 Caelius
1070 838 1247 902 Aurelianus.

76 920 521 1087 08113880917811081161101
552 1008 748 1068 annotationes
773 1013 913 1085 quaedam
944 1010 973 1069 in
995 1007 1247 1071 Caelii'Aureliani

121 1097 159 1155 de
178 1095 374 1175 hydrophobia
396 1099 555 1153 tractatum.
578 1093 722 1169 Marburg.
738 1088 830 1154 1817.
853 1090 883 1155 8.
907 1099 961 1167 (Ad
976 1107 1048 1154 scut.
1063 1101 1115 1157 Ill.
1130 1101 1246 1170 9-16.)

76 1179 145 1244 Car.
170 1181 236 1240 Glo.
257 1181 362 1239 Kiihn
384 1199 481 1255 progr.
504 1180 541 1238 de
561 1199 636 1237 noxa
657 1198 692 1237 ex
719 1179 881 1254 capillorum
909 1182 1063 1241 resectione
1088 1183 1116 1240 in
1142 1181 1248 1241 sanita-

119 1277 179 1326 tem
199 1266 387 1338 redundante,
416 1266 454 1322 ad
474 1263 552 1327 Cael.
578 1261 718 1326 Aurelian.
734 1264 822 1328 morb.
844 1270 917 1328 acui.
940 1267 961 1330 l.
985 1261 1035 1329 15.
1060 1262 1247 1343 Lips.1821.

119 1346 152 1416 4.
174 1385 217 1396 -··
237 1349 335 1412 Renes.
357 1353 386 1407 tn
408 1349 506 1425 Ejusd.
529 1368 642 1424 opuscc.
664 1348 766 1408 acadd.
787 1345 1009 1411 V01.11.1828.
1028 1346 1246 1427 pisa-190.

76 1470 120 1483 -
142 1471 186 1482 -
207 1454 303 1513 progr.
317 1435 346 1494 in
364 1434 450 1495 Caelii
464 1432 606 1492 Aureliani
623 1454 647 1492 c.
660 1434 696 1491 de
707 1433 845 1492 incubone
855 1436 995 1499 tractatio.
1020 1433 1099 1513 Lips.
1113 1431 1205 1500 1830.
1217 1433 1247 1500 4.

396 1583 456 1637 bn.
511 1585 674 1637 Serenus
698 1585 928 1640 Samonious.

77 1692 150 1754 Chr.
172 1690 293 1753 Godot'r.
319 1690 460 1750 Gruner
480 1691 573 1749 variae
594 1690 727 1749 lectiones
747 1691 776 1749 iu
799 1690 835 1760 Q.
857 1691 956 1751 Seren.
976 1691 1117 1756 Samouic.
1132 1712 1168 1754 ex
1182 1695 1247 1759 cod.

120 1776 273 1840 Vratislav.
299 1781 457 1852 excerptae.
501 1776 565 1835 Jen.
588 1771 681 1836 1782.
702 1772 734 1837 4.

77 1861 173 1944 (Frid.
183 1860 258 1938 Aug.
269 1862 398 1936 Reuss)
420 1879 518 1936 progr.
531 1861 681 1919 lectionum
692 1862 918 1919 Samonieearum
929 1862 1028 1938 partic.
1039 1861 1061 1925 l.
1084 1861 1247 1941 Virceburg.

124 1941 217 2005 1836.
244 1942 274 2008 4.
319 1951 375 2018 (Ex
390 1950 483 2002 co'dice
502 1949 648 2003 Turicensi
665 1968 737 2006 saec.
752 1951 804 2006 IX.
819 1951 864 2003 vel
878 1951 913 2002 X.
932 1959 960 2004 et
974 1952 1028 2004 Ed.
1045 1951 1146 2021 princ.)

75 2032 145 2095 Chr.
173 2031 296 2092 Godosr.
317 2031 457 2089 Gruner
478 2051 604 2108 progrr.‚
639 2031 734 2089 insunt
761 2033 855 2091 variae
880 2031 1012 2093 lectiones
1039 2033 1067 2091 iu
1090 2032 1126 2101 Q.
1149 2035 1249 2098 Seren.

119 2117 301 2176 Samonicnm
323 2135 358 2174 ex
379 2114 488 2174 Nicolai
510 2116 654 2174 Marscalci
676 2116 827 2175 enchiridio
850 2126 1009 2194 excerptae.
1029 2118 1092 2179 Jen.
1110 2114 1202 2181 1803.
1218 2116 1247 2184 4.

124 2196 291 2264 (llxNicolai
309 2197 451 2250 Marsealci
468 2197 563 2250 Thurii
581 2196 722 2251 enchiridio
747 2203 885 2268 poetarum
903 2199 1109 2267 clarissimorum,
1128 2200 1248 2270 Erphor-

122 2267 183 2320 diae
202 2265 278 2331 1502,
296 2267 365 2335 quod
383 2267 410 2318 in
446 2283 516 2334 rogr.
535 2267 616 2337 primo
634 2266 807 2334 describitur,
831 2269 881 2324 cir.
900 2267 999 2336 Mylius
1017 2269 1175 2325 memorabit.
1186 2269 1248 2327 bibl.

122 2335 199 2390 acad.
216 2334 321 2390 Jeuens.
339 2353 364 2404 p.
382 2285 455 2404 2374)

77 2409 154 2470 Geo.
179 2409 255 2472 Rud.
278 2409 431 2467 Biihmer
460 2408 496 2477 Q.
523 2409 585 2470 Ser.
614 2408 783 2466 Sammonici
805 2428 901 2474 carm.
915 2409 953 2466 de
981 2408 1086 2485 capillis
1108 2410 1248 2487 tingendis

119 2495 223 2629 helem
248 2498 283 2643 pt
307 2493 436 2553 illustrat.
483 2492 572 2554 Viteh.
597 2488 826 2572 1708-1800.
847 2489 878 2557 4.
923 2496 983 2566 (Ad
1003 2516 1031 2556 v.
1048 2499 1181 2555 46-58,
1203 2501 1247 2554 ed.

148 2592 243 2633 cerm.

347 2762 416 2862 (l.
495 2763 705 2897 ,Aetne
745 2764 982 2862 medin.

481 2955 519 3025 1.
564 2951 844 3024 eromenes.

411 3117 474 3160 uss.
538 3106 918 3164 Generatim.

77 3208 169 3270 hlath.
201 3205 372 3286 Norberg
404 3209 470 3274 diss.
503 3211 540 3270 de
568 3211 705 3271 medicina
735 3208 859 3270 Arabum
892 3215 922 3269 et
957 3210 993 3268 de
1011 3209 1095 3289 lepre
1115 3206 1249 3271 Arabum.

121 3292 215 3356 Lond.
243 3295 397 3352 Scanorum
431 3293 559 3376 (Lund)
590 3291 680 3356 1791.
703 3291 733 3356 4.
766 3329 805 3342 -
837 3295 933 3354 Reuss.
955 3298 985 3352 in
1005 3295 1104 3370 Ejusd.
1127 3294 1248 3372 Opuscc.

121 3379 202 3439 acad.
229 3379 274 3437 ed.
296 3379 341 3437 Jo.
365 3377 523 3454 Normann,
550 3381 585 3439 ib.
614 3375 832 3441 1817-1819.
858 3376 887 3437 8.
909 3378 972 3438 Vol.
995 3379 1044 3437 lll.
1066 3398 1095 3457 p.
1119 3373 1184 3437 404
1206 3396 1249 3456 sq.

123 3461 240 3526 (Auctor
256 3477 308 3513 non
325 3460 439 3515 medicus
457 3470 515 3515 erat
532 3463 579 3515 sed
596 3460 753 3531 philologiae
771 3460 904 3514 orientalis
922 3459 1043 3530 peritus.)

77 3531 174 3592 Pierre
195 3531 255 3595 Jos.
282 3529 459 3592 Amoreux
491 3536 562 3594 essai
595 3535 747 3609 historique
779 3540 808 3592 et
832 3532 952 3592 literaire
975 3551 1024 3591 sur
1052 3532 1080 3591 la
1104 3531 1250 3592 medecine

122 3618 173 3676 des
196 3614 312 3676 Arabes.
356 3618 534 3697 Montpellier
558 3614 649 3682 1815.
671 3614 701 3682 8.

78 3702 179 3761 Simon
203 3696 409 3763 Aronstei'u
432 3704 500 3781 quid
522 3702 661 3764 Arabibus
682 3705 710 3762 in
735 3710 795 3762 arte
819 3702 928 3761 medica
953 3707 983 3760 et
1002 3701 1195 3760 conservanda
1220 3706 1249 3760 et

122 3787 279 3882 excolenda
303 3789 450 3863 debeatur,
477 3790 542 3853 diss.
563 3791 658 3867 inaug.
701 3789 794 3849 Berol.
822 3783 914 3847 1824.
939 3782 968 3845 4.
1013 3791 1110 3860 (Nove
1123 3789 1171 3844 rix
1186 3808 1250 3843 oon-

77 3875 178 4000 11411.Θ
178 3870 365 4000 ἰ’1)οἰ131ειιΐ
369 3941 425 4001 eld
452 3942 618 4002 Geschichte
651 3944 701 4002 der
726 3940 887 4000 arabischeu
920 3936 1025 3998 Aerzte
1050 3942 1109 3998 und
1141 3909 1251 3999 Natur-

121 4025 257 4084 iorscher.
300 4024 384 4084 Nach
408 4029 463 4085 den
492 4026 609 4094 Quellen
634 4027 797 4104 gearbeitet.
842 4025 971 4100 Giitting.
995 4020 1085 4084 1840.
1112 4021 1142 4084 8.
1185 4031 1251 4097 (Se-

124 4106 235 4159 cundum
261 4119 404 4176 temporum
431 4107 544 4161 ordinem
567 4116 702 4161 auctorum
720 4108 833 4160 Arabum
851 4107 984 4160 historiam
1003 4113 1125 4174 enarrat,
1161 4123 1250 4158 eorum

123 4175 203 4228 etiam
228 4174 275 4228 hos
297 4195 445 4242 recensens,
480 4177 513 4230 de
538 4177 631 4246 quibus
655 4195 702 4233 ms.
727 4176 808 4229 solum
827 4194 909 4258 opere
925 4175 968 4229 vel
987 4174 1078 4228 notitia
1097 4181 1196 4227 tanturn
1214 4175 1249 4227 ad

123 4261 172 4297 uos
197 4255 379 4313 pervenerunt.
420 4245 516 4300 Addita
541 4255 602 4300 suut
623 4246 724 4316 aliquot
747 4245 889 4315 specimina
915 4244 1116 4315 biographorum
1135 4243 1249 4296 Arabum

124 4311 233 4366 arabica
249 4314 337 4383 lingua
356 4315 528 4386 conscripta.)

80 4383 178 4463 Aloys.
201 4386 387 4465 Sprenger
417 4389 484 4450 diss.
512 4389 607 4462 inaug.
634 4389 671 4446 de
697 4387 849 4465 originibus
874 4385 1028 4445 medicinae
1049 4383 1176 4444 arabicae
1196 4384 1249 4445 sub

121 4470 267 4537 hhalifatu.
310 4472 407 4551 Lugd.
430 4474 494 4534 Bat.
517 4467 608 4532 1840.
629 4467 661 4535 8.
