2874 4974
133 297 175 362 36
575 297 714 357 Medicina
735 299 862 375 antiqua.

178 456 237 514 und
260 452 412 515 εἴδωλον
406 472 433 510 m
456 452 507 509 der
527 450 590 510 Iliae
608 452 666 510 und
682 451 823 530 Odyssea,
848 451 889 510 ale
910 451 1026 530 Beitrag
1040 453 1306 516 zurHomerischen

177 538 371 617 Psychologie.
414 532 647 596 Giessen1825.
672 534 702 599 4

135 621 208 683 Emil
240 623 327 682 Louis
359 622 487 681 Hamel
517 623 604 681 thesis
636 621 850 701 philosophica
863 622 900 680 de
929 621 1113 702 psychologia
1142 621 1304 684 Homerica.

136 702 472 868 CaLargus68613eleig
497 793 533 851 de
557 793 584 849 vi
607 797 635 850 et
657 810 708 849 usu
729 791 928 850 vocabulorum
952 791 1075 871 φρένες,
1103 784 1208 868 θυμός
1229 791 1304 849 simi·

178 879 302 954 liumque
334 879 410 956 apud
442 877 605 934 Homerum
654 874 757 934 Dresd.
781 872 871 934 1840.
901 874 930 940 8
975 883 1092 950 (Progr.
1115 880 1304 934 scholasticum

178 957 548 1094 ppycqplqgicpdfflhptoricum
572 956 698 1029 philologi
716 959 845 1024 auctoris,
882 958 928 1028 qui
945 965 1048 1013 vetarer
1066 974 1170 1028 quoque
1187 958 1303 1011 medicos

135 1097 172 1164 A.
193 1100 227 1159 L
249 1100 365 1161 Millin
387 1098 568 1174 mineralogie
588 1099 761 1175 Homerique
783 1118 820 1157 ou
845 1099 916 1156 essai
937 1118 984 1157 sur
1001 1099 1041 1158 les
1057 1100 1209 1171 mindraux,
1232 1099 1305 1157 dont

179 1186 198 1244 il
220 1193 264 1244 est
295 1186 346 1243 tait
372 1186 494 1244 mention
520 1185 590 1241 dans
622 1185 662 1242 les
693 1186 808 1260 poimes
840 1184 1003 1244 d'Hombre.
1054 1185 1132 1243 Paris
1154 1143 1246 1247 1790.
1273 1179 1303 1243 8.

179 1269 352 1346 Strasbourg
374 1265 464 1329 1799.
486 1264 516 1330 8.
537 1268 615 1327 Paris
641 1264 732 1328 1816.
754 1265 849 1327 8-
872 1268 999 1334 German.
1016 1276 1081 1328 vert.
1099 1269 1181 1328 F..T
1198 1269 1302 1328 Rink.

179 1354 299 1435 Leipzig
323 1357 381 1412 und
402 1353 585 1430 Kdnigsberg
606 1349 697 1417 1793.
726 1349 757 1415 8.

137 1440 171 1499 F.
194 1438 230 1500 A.
260 1441 303 1503 W
327 1439 463 1514 Miquel
491 1445 634 1497 tentamen
659 1443 748 1507 florae
771 1439 949 1517 Homericae,
972 1440 1006 1496 of
1021 1439 1176 1514 Bijdragen
1197 1443 1242 1499 tot
1267 1439 1304 1498 de

179 1524 287 1584 Kennis
310 1526 361 1582 der
381 1524 508 1597 Planten,
532 1525 606 1581 die
599 1544 626 1581 ιιι
648 1526 684 1581 de
703 1523 861 1581 Gedichten
880 1542 934 1581 van
957 1524 1098 1582 Homerus
1120 1525 1303 1586 voorlcomen

179 1604 527 1669 Roterdam1835.8.—
540 1607 821 1667 (teramnanae.
834 1607 1048 1672 MLaurent
1060 1607 1164 1667 Altona
1174 1603 1301 1667 18368

136 1692 212 1756 Petr.
233 1694 335 1753 Petit
357 1694 423 1750 dise.
450 1694 486 1751 de
506 1693 623 1751 Homeri
644 1692 837 1772 nepenthe,
815 1713 874 1751 srve
896 1695 933 1752 de
954 1694 1078 1754 Helenae
1101 1695 1303 1753 medicamento

178 1779 283 1836 luctum
315 1778 454 1853 animique
485 1797 596 1837 omnem
627 1779 832 1854 aegritudinem
858 1777 998 1837 abolente.
1053 1779 1130 1854 Traj.
1152 1779 1190 1837 ad
1210 1778 1302 1841 Rhen.

181 1858 272 1923 1683.
287 1859 316 1925 8.
328 1862 397 1921 ibid.
409 1858 525 1942 (Paris.)
540 1859 631 1924 1689.
647 1859 678 1926 8.
706 1868 819 1936 (Auctor
837 1874 897 1920 erat
910 1869 1029 1921 medicus
1042 1868 1217 1936 Parisieneis,
1232 1885 1303 1922 mot-

137 1942 346 2092 Geqququqpyg)
365 2016 490 2075 Wedel
515 2018 551 2075 de
572 2016 712 2095 nepenthe
731 2018 856 2077 Homeri.
891 2016 953 2075 Jen.
977 2012 1068 2076 1692.
1089 2012 1119 2075 4.
1141 2051 1183 2061 -
1205 2014 1302 2074 Recta.

178 2105 208 2160 ιἰι
230 2102 332 2163 Wedel
354 2120 442 2160 exerc.
464 2104 538 2164 med.
563 2102 659 2181 philol
687 2102 767 2166 Ceut
790 2103 812 2165 Ι
835 2104 895 2162 dec.
914 2098 943 2160 6.
968 2104 1003 2161 n.
1020 2096 1070 2164 10.
1114 2105 1227 2177 (Opium
1242 2123 1303 2158 essa

179 2183 222 2235 rel
238 2183 377 2252 daturam.)

135 2254 212 2315 Petri
233 2257 268 2315 la
289 2257 397 2314 seine
419 2257 456 2315 de
481 2255 596 2313 Homeri
618 2255 800 2333 nepenthes.
827 2256 864 2313 de
887 2254 1028 2313 abolendo
1052 2254 1136 2313 luctu.
1179 2253 1302 2335 Neapoli

179 2333 269 2402 1721
292 2336 386 2400 4.—
409 2339 529 2399 Redit
517 2360 547 2398 ιιι
569 2340 629 2399 Jac.
656 2340 781 2403 Gronov
804 2341 875 2398 thes.
897 2341 1003 2416 antiqu.
1026 2358 1148 2417 graecar.
1175 2340 1229 2399 vol.
1253 2340 1300 2400 Xl.

63 2555 65 2558 ψ
134 2446 294 2570 Alepxandre
327 2509 416 2568 Louis
447 2509 612 2586 Marquie
639 2510 787 2569 reflexione
817 2529 866 2566 sur
897 2509 924 2568 le
956 2508 1111 2587 nepenthes
1136 2505 1300 2569 d'Homere.

177 2595 277 2654 Rauen
306 2589 397 2653 1815.
421 2590 450 2653 8.
476 2599 558 2666 (Vide
574 2616 656 2668 supra
670 2616 734 2668 pag.
749 2602 774 2665 5,
792 2600 948 2651 Bacchusen
963 2600 997 2650 da
1012 2599 1169 2670 nepenthe.)

135 2680 207 2739 Geo.
233 2678 339 2754 W'olfg.
364 2678 486 2738 Wedel
512 2680 548 2737 de
570 2681 645 2757 moly
667 2680 783 2738 Homeri
808 2699 898 2738 exerc.
920 2679 1027 2738 I—lll.
1070 2680 1132 2742 Jen.
1157 2674 1249 2744 1713.
1269 2674 1299 2738 4.

175 2763 271 2822 Recta.
291 2767 322 2821 in
344 2764 444 2823 Wedel
461 2783 550 2822 exerc.
572 2766 646 2822 med.
669 2763 764 2842 philol.
784 2765 866 2822 Ceut.
878 2764 913 2821 ll.
936 2771 1018 2839 (Esse
1033 2770 1242 2839 Nymphaeum.)

133 2848 167 2906 V.
191 2848 227 2906 G.
251 2849 359 2906 Siber
384 2850 420 2906 de
445 2849 528 2926 moly.
573 2850 752 2925 Schueeberg
774 2844 866 2912 1699.
888 2845 917 2907 4.

132 2931 207 2994 Dan.
231 2932 313 2996 Wilh.
338 2932 472 2992 Triller
494 2932 587 3013 (resp.
613 2934 660 2995 Jo.
684 2934 742 2993 Jac.
768 2934 912 3014 Wagner)
941 2934 1017 3011 moly
1038 2934 1218 2993 Homericum
1249 2937 1298 2995 de-

174 3024 278 3077 tectum
303 3037 364 3075 cum
386 3019 498 3094 reliquis
521 3020 558 3077 ad
579 3019 701 3076 fabulam
724 3019 867 3077 Circaeam
881 3020 1092 3096 pertinentibus.
1114 3018 1192 3097 Lips.
1206 3016 1297 3081 1716.

174 3098 269 3161 4.-
289 3101 408 3160 Redit
396 3122 426 3160 uc
452 3104 501 3160 Tr
529 3123 641 3180 opuscc.
669 3103 732 3165 Vol
755 3103 790 3160 ll.
817 3099 909 3163 1766.
931 3124 997 3181 pag
1024 3098 1158 3164 37-83
1203 3110 1300 3179 (Moly

175 3181 339 3236 Homericum
358 3201 416 3236 esse
434 3184 536 3266 quidem
554 3184 706 3237 Elleborum
723 3183 840 3252 nigrum,
868 3185 914 3238 aed
937 3185 995 3238 loco
1012 3184 1057 3238 illo
1076 3183 1216 3254 allegorice
1234 3186 1299 3240 sumi

173 3268 221 3322 pro
240 3252 377 3322 prudentia
395 3260 422 3306 et
439 3253 626 3321 continentia.)

131 3323 497 3402 Ge0.w01fg.weue1
529 3327 567 3384 de
593 3327 661 3402 thyo
693 3325 819 3388 Homeri.
872 3325 934 3385 len.
961 3321 1053 3390 1707.
1075 3322 1106 3388 4.
1149 3324 1247 3386 Recaa
1268 3331 1297 3387 in

173 3410 275 3471 Wedel
302 3431 390 3471 exerc.
412 3413 486 3470 med.
512 3411 606 3490 philol.
629 3411 713 3474 Ceut.
737 3409 768 3466 11.
814 3415 896 3483 (Esse
910 3416 1037 3468 Sabinam
1051 3417 1194 3484 nostram.)
1295 3432 1298 3439 ·

131 3528 176 3539 —
203 3528 245 3539 -
269 3504 429 3575 propempt.
449 3498 487 3554 de
511 3497 605 3555 radice
626 3515 721 3554 amara
745 3495 870 3554 Homeri.
912 3495 975 3555 Jen.
992 3491 1084 3556 1692.
1103 3492 1190 3554 4.-
1200 3494 1297 3556 Recto.

173 3581 204 3637 iu
224 3580 325 3639 Wedel
347 3600 436 3641 exerc.
459 3583 532 3639 med.
557 3581 651 3660 philol.
678 3581 759 3639 Ceut.
775 3580 795 3638 1.
815 3582 877 3639 dec.
889 3577 918 3639 6.
929 3601 957 3644 n.
967 3577 996 3640 6.
1024 3586 1199 3653 (Gentianam
1213 3588 1296 3654 esse.)

132 3660 206 3724 Geo.
227 3663 297 3721 Phil.
319 3665 396 3723 Frid.
430 3665 621 3724 Groshans
649 3666 818 3744 prodromus
839 3665 956 3725 Faunae
979 3666 1096 3726 Homeri
1116 3673 1146 3726 et
1166 3666 1296 3726 Hesiodi.

174 3746 269 3824 Lugd.
294 3748 358 3808 Bat.
384 3744 476 3811 1839.
499 3745 529 3813 8.

417 3868 418 3871 ’
547 3865 603 3921 ΒΒ.
648 3868 879 3936 Aeropus.

132 3967 209 4112 Frild
235 3969 366 4118 Goltthiqf
384 3971 546 4116 ἓιειιιις
577 3969 665 4053 (scu.)
697 3973 763 4032 dise.
789 3974 859 4033 de'
852 3972 955 4050 insigni
974 3969 1081 4053 Aesopi
1111 3973 1296 4034 deformitate

200 4073 242 4134 ips

511 4171 566 4228 00.
621 4172 919 4230 Herodotus.

131 4275 197 4338 Car
224 4276 297 4336 Guil.
323 4279 431 4338 Starlc
452 4278 579 4339 analecta
606 4280 714 4338 medica
741 4299 775 4338 ex
803 4285 928 4339 veterum
949 4278 1129 4359 scriptoribus
1154 4296 1214 4338 non
1238 4297 1297 4338 me-

173 4361 251 4422 dicis.
293 4361 369 4423 Part.
392 4364 413 4423 l.
440 4383 497 4441 qna
517 4363 594 4423 locus
615 4367 693 4443 apud
714 4364 893 4424 Herodotum
907 4366 956 4429 lll.
969 4361 1019 4426 83.
1031 4370 1175 4424 tractatur.
1196 4362 1296 4443 Progr.

173 4439 650 4513 1-8.Jenae1827—28..4
695 4455 748 4523 (Dc
762 4455 861 4510 craniia
875 4455 904 4509 in
918 4473 986 4527 agro
1000 4453 1181 4523 Plataeensi)
