2874 4974
141 285 185 348 42
588 279 728 341 Medicina
753 281 876 360 antiqua.

142 439 229 501 Anat.
251 437 402 497 Faesius
431 435 594 494 oeconomia
621 435 801 514 Hippocratis
825 432 966 514 alphabeti
993 436 1064 496 serie
1093 437 1241 513 distincta,
1280 439 1307 497 iu

184 545 242 603 qua
277 524 428 582 dictionum
458 522 535 600 apud
562 521 648 599 Hipp.
676 522 799 579 omnium
826 522 988 599 praesertim
1022 524 1213 582 obscuriorum
1242 543 1307 582 usus

184 609 346 688 explicatur,
368 609 408 667 ita
428 613 460 664 ut
480 607 587 665 lexicon
610 607 839 682 Hippocraticum
861 608 959 664 merito
975 608 1029 666 dici
1051 611 1148 687 possit.
1172 608 1306 667 Francos.

187 689 280 756 1588.
303 695 339 764 1.;
367 699 447 751 areta
468 692 574 754 Gener.
596 686 689 750 1662.
710 693 731 751 f.
775 696 1050 762 (Praestantissimum
1065 716 1133 769 opus
1147 698 1308 770 philologici

184 782 213 830 et
230 774 322 829 medici
339 772 511 842 argumenti.)

141 847 229 911 Andr.
252 847 465 924 Caesalpini
487 839 654 924 κάτοπτρον
676 844 734 903 sive
754 845 896 924 speculum
916 845 982 904 artis
1005 847 1129 906 medicae
1148 849 1309 927 Hippocra-

182 935 277 993 ticum.
319 932 403 992 Rom.
430 925 593 992 1601.12.
637 929 768 994 Francos.
795 927 886 990 1605.
912 927 941 989 8.
967 937 993 988 et
1013 935 1125 1009 saepius.

140 1020 187 1083 Jo.
202 1018 343 1094 Helwig
368 1010 545 1095 α’1φαβῆτον
568 1009 702 1092 ἰατρικόν
724 1015 750 1077 h.
772 1034 796 1077 e.
812 1017 903 1074 brevis
925 1016 1012 1074 totius
1027 1019 1180 1076 medicinae
1196 1019 1307 1098 Hippo-

183 1104 302 1163 craticae
328 1104 355 1159 in
384 1120 489 1180 pancas
513 1100 630 1158 tabellas
651 1101 784 1158 reductae
809 1101 967 1160 delineatio.
1012 1099 1153 1166 Norimb.'
1166 1099 1258 1167 1631.
1285 1106 1304 1169 s.

139 1190 185 1249 Jo.
206 1188 293 1251 Conr.
320 1186 508 1245 Dieterich
537 1186 653 1243 iatreum
678 1185 908 1263 Hippocraticum
932 1188 1014 1263 juxta
1036 1188 1150 1247 ductum
1176 1189 1305 1269 aphoris-

181 1294 253 1335 mor.
276 1273 479 1332 concinnatum.
523 1270 614 1330 Giess.
639 1265 729 1330 1655.
752 1267 794 1343 4.,
832 1272 906 1334 Ulm.
931 1267 1021 1333 1661.
1046 1272 1077 1335 4.

138 1362 249 1421 Honor.
271 1358 419 1415 Bicaise
443 1356 571 1414 manuale
599 1355 770 1414 medicorum
793 1374 842 1414 seu
872 1358 1092 1435 promptuarium
1122 1357 1304 1437 aphorismor.

180 1445 287 1523 Hipp.,
315 1443 492 1521 praenotion.
521 1442 639 1500 Coaear.
671 1448 700 1499 et
733 1443 955 1520 praedictionum
984 1443 1137 1500 seeundum
1160 1446 1304 1522 propriam

179 1531 341 1589 morborum
353 1529 475 1585 omnium
490 1527 725 1584 nomenclaturam
740 1526 914 1604 alphabetico
930 1530 1070 1602 digestum
1081 1529 1187 1590 ordine.
1209 1528 1305 1593 Lond.

181 1609 360 1684 1659.12.;
387 1613 494 1674 Gener.
511 1607 601 1673 1660.
625 1605 689 1683 123
712 1610 774 1674 Jen.
791 1607 882 1672 1712.
905 1609 974 1685 12,;
1001 1613 1041 1671 ed.
1062 1613 1150 1672 Henr.
1173 1614 1304 1694 Gujot,

179 1699 267 1757 Paris.
293 1692 384 1760 1739.
413 1693 464 1760 12.

137 1785 242 1848 Thon.
268 1782 407 1840 Burnet
437 1782 626 1859 Hippocrates
658 1787 832 1854 contractus,
872 1783 900 1839 iu
925 1800 982 1858 qno
1011 1781 1049 1845 H.
1072 1801 1139 1860 opp.
1163 1782 1257 1842 omnia
1277 1785 1304 1843 iu

180 1871 292 1929 brevem
317 1868 457 1945 epitomen
479 1867 594 1924 redacta
617 1865 762 1930 habentur.
788 1862 1068 1939 Ε11111).1685.8.;
1093 1862 1304 1932 1111111733.

178 1950 225 2025 43
239 1945 399 2028 'Argentum
422 1943 514 2015 1765.
536 1945 565 2015 8.
588 1984 633 1995 -
663 1950 792 2015 German.
815 1973 880 2011 vers.
906 1953 940 2011 ab
961 1951 1041 2016 Alex.
1063 1952 1191 2027 Hebes,
1220 1953 1303 2014 Wien

179 2033 273 2102 1791.
299 2034 328 2099 8.
1108 2043 1113 2055 ’

137 2123 204 2207 (Jo.
225 2122 301 2181 Rud.
324 2117 513 2197 Zwinger)
548 2119 699 2198 Speculum
732 2121 962 2200 Hippocraticum
990 2128 1072 2180 notas
1104 2128 1132 2180 et
1157 2124 1304 2200 praesagia

179 2209 338 2269 morborum
363 2225 414 2263 nec
439 2225 495 2262 non
521 2206 597 2263 varia
625 2208 755 2264 medendi
780 2214 931 2286 praecepta
958 2225 992 2265 ex
1019 2207 1105 2284 Hipp.
1129 2207 1182 2266 Coi
1202 2229 1303 2267 monu-

179 2295 278 2353 mentis
294 2293 392 2350 ordine
413 2289 588 2367 alphabetico
605 2291 641 2349 ob
664 2292 760 2350 oculos
774 2311 892 2370 ponens.
912 2291 997 2354 Basil.
1015 2286 1107 2356 1747.
1129 2288 1160 2352 8.
1189 2299 1303 2367 (Bonum

178 2393 246 2447 opus
264 2371 552 2441 medico-practicam..)

135 2450 219 2528 Casp.
248 2447 376 2524 Wolph
397 2444 541 2520 catalogus
566 2452 691 2503 veterum
722 2454 751 2505 et
779 2446 931 2505 recentium
955 2445 1120 2525 scriptorum
1141 2446 1170 2505 in
1191 2447 1303 2527 Hippo-

177 2535 259 2594 cratis
282 2550 377 2611 opera.
420 2530 545 2606 Sangalli
567 2525 658 2590 1584.
684 2527 713 2594 8.

133 2619 204 2679 Paul
235 2617 375 2693 Sigmund
407 2615 471 2671 Car.
505 2614 597 2672 Preu
624 2615 688 2680 diss.
713 2618 808 2692 inaug.
841 2617 878 2674 de
901 2615 1098 2694 interpretibus
1119 2615 1302 2695 Hippocratis

177 2704 292 2780 graecis.
336 2698 436 2762 Altorf.
464 2693 554 2762 1795.
578 2694 608 2761 8.

134 2787 208 2850 Dan.
232 2787 316 2846 Wilh.
338 2784 475 2844 Triller
507 2785 544 2842 de
576 2803 651 2841 nova
675 2783 856 2862 Hippocratis
879 2785 1004 2843 editione
1035 2784 1201 2844 adornanda
1226 2807 1301 2846 com·

176 2872 328 2942 mentati03
361 2869 515 2947 speciminis
537 2869 599 2926 loco
621 2869 746 2944 adjectus
768 2877 810 2929 est
830 2869 936 2928 libellus
965 2869 1078 2948 (Hipp.)
1104 2872 1140 2929 de
1161 2877 1301 2948 anatome,

176 2955 374 3016 commentario
396 2954 613 3012 medico-critico
638 2961 775 3033 perpetuo
798 2956 958 3018 illustratus.
1007 2955 1104 3030 Lugd.
1117 2956 1182 3021 Bat.
1209 2953 1299 3018 1728.

177 3039 210 3104 4.
226 3075 269 3088 -
292 3040 379 3098 Redit
399 3043 429 3097 in
450 3039 501 3102 Tr.
528 3059 639 3117 opusec.
666 3039 730 3098 Vol.
756 3035 908 3102 11.·1766.
931 3060 958 3117 p.
980 3035 1158 3104 238-285.

133 3163 176 3173 -
196 3159 239 3171 -
264 3125 383 3205 epistola
401 3125 437 3181 ad
463 3124 489 3187 J,
514 3125 619 3183 Freind
637 3144 722 3201 super
743 3125 762 3183 1.
785 3131 814 3183 et
838 3125 885 3189 111.
912 3126 1092 3203 Hippocratis
1114 3127 1234 3204 epidem.
1248 3148 1300 3187 uu-

175 3232 226 3293 per
248 3213 284 3270 ab
306 3212 367 3290 ipso
391 3210 482 3272 editis.
525 3209 558 3267 ln
580 3228 636 3286 qua
657 3210 736 3267 simul
760 3213 852 3286 agitur
874 3211 910 3268 de
935 3212 1016 3268 variis
1041 3211 1223 3287 Hippocratis
1242 3214 1301 3272 edi-

176 3298 309 3370 tionibus,
331 3296 432 3368 nisus,
458 3297 494 3352 de
519 3295 579 3370 ejus
601 3294 663 3353 stilo
689 3302 717 3353 et
739 3296 859 3355 dialecto
881 3303 935 3359 etc.
970 3294 1047 3372 Lips.
1073 3290 1162 3358 1718.
1184 3293 1214 3357 8.
1241 3298 1299 3356 Ru·

176 3383 302 3442 dolstadt
315 3377 404 3441 1720.
420 3376 449 3442 8.
463 3415 505 3423 -
519 3379 606 3437 Redit
616 3382 646 3436 in
657 3380 707 3442 Tr.
724 3400 834 3456 opuscc.
849 3381 913 3439 Vol.
930 3379 963 3443 Il.
978 3375 1067 3441 1766.
1080 3401 1109 3458 p.
1121 3375 1298 3446 178—237.

176 3465 298 3529 (Multum
316 3462 387 3516 valet
405 3463 440 3515 ad
458 3461 567 3515 criticen
584 3461 679 3531 Hipp.;
698 3462 803 3531 scripsit
822 3461 1299 3533 contrahancepistolamJo.Kiug,

176 3533 329 3600 cantabrig.
349 3531 437 3595 1722.)
540 3546 546 3560 ·

132 3603 167 3663 F.
193 3604 315 3662 Osann
338 3603 530 3661 observatione
554 3621 601 3661 sur
625 3623 681 3661 une
710 3602 839 3661 nouvelle
869 3603 1028 3662 traduction
1054 3605 1190 3681 srancaise
1215 3607 1302 3664 suivie

176 3690 214 3747 du
236 3695 311 3747 terte
333 3707 400 3763 grec
425 3689 464 3745 dn
490 3688 572 3745 traite'
595 3688 797 3766 d’Hippocrate
817 3708 865 3746 sur
884 3687 924 3746 les
939 3707 1020 3764 caux,
1043 3689 1105 3747 l’air
1121 3697 1150 3749 et
1166 3691 1207 3750 les
1221 3691 1300 3756 lieux.

175 3773 254 3832 Paris
280 3768 371 3834 1818.
392 3767 421 3829 8.
457 3807 500 3816 -
533 3771 623 3830 Antea
653 3777 683 3832 in
707 3773 796 3831 Millin
827 3774 919 3836 annal.
949 3773 1052 3851 encycl.
1077 3769 1168 3834 1808.
1212 3773 1300 3839 haut.

177 3854 335 3922 (Editionem
353 3852 456 3922 chailly
472 3855 615 3920 recenset.)

132 3925 200 3985 Em.
227 3926 347 3988 Godofr.
369 3925 571 4002 Baldiuger
596 3925 699 3986 selecta
717 3927 864 3985 doctorum
886 3927 1009 3986 virorum
1029 3927 1173 4006 opuscula,
1194 3929 1225 3988 in
1240 3930 1301 4006 qui·

174 4013 226 4071 bus
248 4012 435 4089 Hippocrates
457 4012 618 4089 explicatur,
642 4013 735 4070 denuo
758 4013 843 4072 edita.
867 4012 996 4088 Gotting.
1016 4008 1108 4074 1782.
1126 4010 1156 4072 8.
1179 4019 1301 4091 (Scripta

176 4092 246 4146 xl1=
282 4092 437 4156 Hoffmann,
455 4094 556 4145 Gasser
574 4099 602 4144 et
619 4093 768 4162 Scboningh
787 4092 818 4145 de
835 4095 924 4146 morbo
940 4095 1025 4162 nigro,
1061 4093 1153 4146 Wedel
1173 4095 1205 4149 da
1220 4097 1299 4150 morb.

176 4179 276 4226 crasso,
295 4160 423 4214 Goeliclre
441 4161 474 4214 de
491 4162 572 4217 morb.
591 4169 667 4226 ruet,
686 4162 763 4215 Stahl
781 4162 813 4214 de
830 4164 896 4218 febr.
914 4163 1044 4226 lethifera,
1062 4163 1155 4216 Wedel
1166 4165 1200 4218 de
1212 4167 1299 4219 morbo

195 4231 314 4296 hoenicr,
333 4230 417 4283 Vnter
435 4231 468 4283 de
485 4230 560 4282 lienis
578 4230 706 4299 prolaps,
725 4231 843 4299 Sigwart
860 4233 955 4301 fragm.
974 4233 1123 4300 dynamices
1140 4233 1223 4304 Hipp.
1243 4236 1298 4287 Ga-

175 4249 236 4422 }n,
254 4299 346 4435 lpicopi
365 4299 458 4368 philos.
475 4299 566 4370 Hipp.,
585 4299 710 4353 Albrecht
726 4300 752 4353 in
770 4300 819 4358 loc.
839 4301 907 4371 epid.
925 4303 973 4368 Vl,
992 4303 1077 4371 Seger
1094 4303 1128 4357 de
1140 4303 1221 4375 Hipp.
1235 4303 1298 4357 libro

151 4384 154 4390 ’
194 4388 271 4425 scor
290 4389 312 4423 e.

132 4442 176 4506 Jo.
202 4442 287 4524 Bapt.
308 4440 429 4502 d’Ansse
453 4443 490 4502 de
510 4441 696 4503 Villoison
718 4442 837 4523 epistola
858 4443 894 4504 de
916 4445 1083 4522 quibusdam
1108 4445 1298 4526 Hippocratis,
