2874 4974
164 265 225 328 104
548 270 688 333 Medicina
711 274 741 332 iu
762 273 939 350 theologicis.

163 423 251 486 Clem.
273 427 475 484 Anomoeus
500 444 640 484 sacrarum
661 428 801 503 arborum,
822 427 952 485 fruticum
963 433 993 485 et
1003 427 1113 488 herbar.
1128 422 1242 486 decosl
1256 422 1334 498 et23

206 510 411 585 Creutzgarten
432 513 483 570 der
507 510 628 586 heiligen
650 513 763 571 Schrifl.
792 507 820 574 1.
845 507 878 571 2.
903 511 996 573 Theil.
1060 507 1333 589 Ndrnberg1609.

206 589 235 654 8.
260 593 324 652 Gom
340 598 417 674 figg.
439 597 515 672 ligno
535 599 635 656 iudeis.

164 677 278 737 Ludov.
300 682 486 739 Rumetius
504 682 658 760 scripturae
679 699 776 739 sacrae
789 681 950 739 viridarium
961 682 998 740 de
1019 681 1162 757 frugiferis
1178 681 1335 755 arboribus,

206 765 374 841 infrugiferis
396 772 424 824 01
445 767 575 844 mysticis.
619 766 704 824 Paris.
728 761 819 824 1626.
845 761 874 825 8.

165 848 210 908 Jo.
242 849 331 909 Heur.
361 851 520 910 Ursinus
542 851 700 910 arboretum
722 851 868 924 bblicum,
900 852 929 909 in
956 869 1013 927 quo
1040 852 1156 910 arbores
1178 855 1208 909 et
1227 851 1335 909 fruetus

208 937 313 1013 passim
339 936 367 993 in
390 937 474 994 sacris
501 935 586 994 literis
613 943 775 994 occurentes
804 937 879 995 uotis
906 936 1097 1014 philologieis,
1126 934 1336 1014 philosophicis,

207 1019 374 1096 theologicis
401 1027 578 1098 exponuntur
603 1027 632 1078 et
651 1021 832 1079 illustrantur.
876 1019 1004 1080 Norimb.
1028 1017 1119 1079 1663.
1134 1015 1164 1078 8.
1179 1020 1215 1082 ib.
1239 1014 1335 1079 1665.

208 1100 238 1168 8.
261 1105 298 1166 ih.
321 1100 524 1168 16711111.
548 1101 638 1165 1685.
660 1102 689 1165 8.
727 1104 882 1163 00111011.
905 1125 963 1165 aen.
986 1104 1190 1181 (Theologicus
1211 1105 1335 1183 auctor.)

208 1220 252 1233 -
273 1189 396 1264 Ejusd.
429 1192 599 1249 continuatio
635 1192 766 1250 historiae
796 1191 953 1269 plantarum
984 1191 1101 1248 biblicae
1131 1207 1155 1250 s.
1193 1191 1230 1248 de
1257 1208 1337 1248 sacra

210 1274 385 1352 phytologia,
408 1275 550 1333 herbarius
572 1285 659 1334 sacer'
675 1282 704 1334 et
724 1276 822 1334 hortus
836 1276 1012 1338 aromaticus.
1055 1268 1336 1335 Νο1111111.1685.8.

168 1354 284 1417 Adrian.
313 1360 499 1435 Cocquius
529 1362 644 1420 historia
674 1380 707 1418 ac
737 1360 934 1438 contemplatio
964 1379 1044 1418 sacra
1070 1359 1229 1437 plantarum
1254 1359 1338 1417 arbo-

147 1438 150 1443 ’
210 1464 270 1502 rum
291 1452 320 1503 et
350 1445 508 1524 herbarum,
546 1465 663 1522 quarum
694 1446 728 1503 fit
762 1447 866 1505 mentio
903 1447 932 1504 iu
954 1447 984 1504 S.
1010 1447 1161 1524 Scriptura.
1204 1443 1338 1521 Vlissing.

209 1524 301 1588 1664.
328 1526 359 1590 4.

170 1613 246 1679 Will.
272 1614 840 1696 111001111οε01θεολογοβοτανολογια
861 1636 886 1674 0.
905 1615 1022 1675 historia
1046 1614 1245 1691 vegetabilium
1261 1633 1341 1673 sacra

212 1719 245 1757 01
265 1718 283 1757 a
305 1701 447 1777 Scripture
472 1700 576 1758 herbal.
609 1699 703 1760 Lond.
726 1695 817 1759 1695.
840 1695 871 1758 8.

170 1782 271 1842 Matth.
293 1784 409 1843 Hiller
425 1785 638 1862 hierophyticon
664 1786 724 1843 sive
744 1786 957 1844 commentarius
979 1786 1007 1842 iu
1031 1784 1092 1843 loca
1120 1783 1273 1862 scripturae
1294 1801 1340 1842 sa-

214 1887 293 1939 crae,
322 1887 396 1945 quae
432 1869 591 1946 plantarum
624 1871 729 1928 faciunt
758 1872 935 1929 mentionem.
990 1870 1043 1928 Cui
1073 1870 1181 1927 accedit
1201 1869 1340 1946 praefatio

214 1953 373 2012 Salomonis
403 1953 554 2012 Piisteri
576 1957 720 2014 continens
746 1955 773 2017 b.
794 1956 916 2013 auctoris
935 1955 1036 2028 vitam,
1069 1954 1169 2013 merita
1191 1959 1220 2011 et
1244 1953 1340 2013 libros.

214 2038 292 2114 Traj.
318 2040 355 2096 ad
376 2038 466 2101 Rhen.
490 2033 582 2101 1795.
611 2034 640 2098 4.
686 2042 776 2114 (Opus
798 2045 967 2114 posthumum
986 2043 1258 2114 copiosumauctoris
1281 2044 1342 2095 the-

218 2118 298 2188 ologi,
312 2119 350 2172 rei
363 2119 499 2172 herbariae
514 2139 563 2173 non
578 2122 644 2174 bene
658 2121 751 2190 periti3
769 2122 874 2174 additur
881 2121 978 2175 Florae
991 2119 1177 2174 Palestinensis
1190 2119 1341 2189 specimen.)

174 2190 262 2250 Olaus
288 2192 427 2250 Celsius
449 2194 676 2252 hierobotanicou
708 2213 730 2257 s,
753 2196 790 2252 de
816 2194 921 2272 plantis
948 2195 978 2251 S.
1000 2196 1161 2272 Scripturas
1187 2194 1340 2252 dissertatt.

214 2277 324 2339 breves.
335 2277 432 2336 Partes
445 2277 478 2336 ll.
504 2278 603 2356 Upsal.
629 2273 720 2338 1745.
741 2274 831 2339 1747.
843 2276 872 2339 8.
885 2313 927 2323 -
943 2276 1011 2338 Noa.
1025 2284 1065 2337 tit.
1078 2277 1193 2336 Amstel.
1207 2272 1299 2341 1748.
1310 2273 1341 2338 8.

217 2359 288 2425 (Plus
313 2376 388 2429 quanr
412 2367 513 2412 centuni
538 2360 681 2415 dissertatt.
699 2360 826 2428 singulae,
845 2378 951 2430 quarum
975 2361 1072 2430 primae
1090 2359 1211 2412 editionis
1230 2360 1343 2412 ducenta

215 2436 315 2481 tantum
333 2429 449 2497 exempla
467 2430 593 2496 impressa
611 2438 684 2494 sunt3
710 2447 778 2483 nova
797 2430 877 2482 editio
896 2447 964 2482 nunc
982 2448 999 2482 a
1017 2429 1218 2497 Middeldorpfio
1237 2429 1342 2481 Vratis·

216 2497 325 2550 laviensi
349 2497 436 2567 parari
454 2498 562 2560 dicitur;
589 2499 648 2568 ipse
669 2499 703 2550 0.
735 2500 766 2553 C.
784 2498 823 2552 rei
842 2498 981 2553 botanicae
999 2506 1027 2553 et
1044 2498 1164 2564 biblicae,
1182 2499 1342 2567 linguarum·

216 2582 267 2635 qua
284 2567 456 2620 Orientalium
475 2569 540 2620 bene
559 2569 656 2636 peritus
675 2570 783 2634 auctor.)

172 2638 218 2696 Jo.
240 2639 375 2699 Gesner
395 2640 602 2719 phytographia
623 2660 710 2702 sacra.
746 2641 845 2716 Tiguri
868 2634 951 2700 1759
965 2675 1004 2685 -
1017 2635 1111 2700 1773.
1135 2635 1166 2698 4.

174 2723 240 2782 Chr.
265 2723 344 2786 Frid.
367 2725 469 2801 Bang
493 2724 579 2803 (resp.
602 2726 687 2803 Casp.
714 2724 781 2787 Abr.
803 2721 910 2804 Borch)
940 2726 1006 2784 diss.
1034 2727 1071 2784 de
1101 2725 1205 2805 plantis
1229 2723 1344 2800 quibus·

217 2808 282 2865 dam
304 2828 400 2867 sacrae
421 2811 575 2871 botanicae.
618 2811 713 2874 Havu.
737 2805 828 2871 1767.
850 2806 880 2868 8.

175 2891 246 2950 Geo.
268 2894 356 2953 Heur.
380 2895 580 2954 Haeberlin
607 2897 674 2955 diss.
697 2896 866 2973 theologica,
882 2895 910 2953 iu
932 2913 989 2979 qua
1010 2895 1147 2954 sententia
1172 2894 1209 2952 de
1225 2913 1344 2970 genera-

217 2978 295 3036 tione
315 2979 484 3057 plautarum,
506 2999 523 3039 a
543 2982 743 3039 recentioribus
761 2982 935 3061 'quibusdam
964 2980 1137 3059 philosophis
1163 2980 1344 3057 probabiliter

217 3068 333 3135 asserta,
368 3083 384 3122 e
420 3066 503 3122 sacris
531 3065 616 3123 literis
639 3067 712 3124 clarc
746 3067 918 3136 ostenditur;
953 3067 1052 3125 addita
1073 3071 1116 3124 est
1142 3067 1274 3125 tractatio
1308 3067 1344 3124 de

217 3149 398 3225 generatione
418 3150 582 3208 animalium.
626 3151 750 3226 Tubing.
775 3146 863 3210 1693.
887 3145 937 3210 12.

175 3231 219 3291 Jo.
246 3233 343 3295 Joach.
364 3235 552 3293 Schriider
578 3233 666 3316 (resp.
688 3236 734 3294 Jo.
758 3235 831 3295 Dan.
853 3234 1012 3313 Schramm)
1034 3235 1102 3299 diss.
1125 3235 1161 3293 de
1182 3233 1272 3293 hortis
1296 3252 1345 3292 ve·

217 3325 307 3379 terum
327 3319 529 3379 Hebraeorum.
572 3320 717 3397 Marburg.
741 3316 834 3381 1722.
857 3318 887 3378 4.

176 3403 288 3464 'lheod
320 3405 462 3464 Dassov
492 3405 569 3462 modi
601 3407 756 3466 seminandi
785 3407 895 3464 diversa
926 3405 1032 3463 semina
1051 3403 1248 3463 Hebraeorum
1269 3408 1346 3462 vete·

217 3509 288 3551 rum.
332 3491 423 3549 Viteb.
448 3485 538 3549 1695.
556 3486 585 3550 8.

177 3573 269 3652 Chph.
296 3574 484 3651 Clewherg
513 3572 599 3653 (resp.
624 3575 687 3635 Nic.
713 3574 837 3653 vaartz)
870 3574 935 3636 diss.
963 3575 1000 3632 de
1025 3573 1107 3631 variis
1143 3574 1346 3632 frumentorum

219 3664 248 3716 et
270 3659 441 3802 legumiuupr
461 3661 606 3738 speciebus
633 3663 661 3720 iu
683 3661 719 3720 V.
738 3661 774 3719 T.
797 3659 963 3718 memoratis.
1017 3659 1090 3717 Cum
1113 3659 1163 3717 tab
1188 3677 1252 3718 aen.
1283 3657 1346 3737 Up-

182 3773 185 3780 .
220 3743 269 3802 sal.
317 3739 388 3803 760.
435 3787 442 3801 .
710 3759 711 3762 ’

178 3826 251 3886 Geo.
271 3828 375 3887 Horu
398 3828 583 3906 hierampelos
611 3831 641 3890 d.
662 3831 681 3894 i.
703 3829 815 3887 Bericht
834 3849 888 3886 von
908 3828 972 3885 dem
989 3827 1017 3886 in
1035 3828 1086 3886 der
1105 3827 1226 3904 heiligen
1243 3825 1348 3886 Schrift

220 3913 294 3971 vvohl
315 3913 473 3972 bekannten
499 3915 646 3978 Weinhau.
689 3908 1012 3972 8011101101110111585.
1035 3906 1065 3971 4.
1304 3976 1308 3981 ,

177 3997 242 4056 Jan.
275 3999 472 4057 Carnarius
503 4000 644 4076 theologia
682 4000 745 4058 vitis
777 3999 911 4057 viniferae
944 3997 1005 4054 libri
1041 4004 1116 4074 tres,
1157 3997 1203 4059 ed.
1240 3991 1347 4055 Abrah.

221 4082 386 4143 Schulze.
430 4084 603 4161 Heidelberg
620 4080 711 4147 1614.
734 4079 763 4144 8.
787 4089 878 4158 (Opus
903 4087 1050 4157 posthum.)

180 4168 285 4229 Sebald
310 4169 390 4228 Rau
423 4173 510 4247 (resp.
544 4169 666 4248 Heuvel)
702 4170 767 4227 diss.
798 4171 835 4227 de
859 4168 1000 4227 vindemia
1026 4175 1055 4227 et
1081 4165 1269 4226 torcularibus
1301 4182 1349 4223 ve-

185 4296 188 4301 ·
222 4259 312 4314 terum
338 4254 540 4316 Hebraeorum.
585 4253 731 4329 Ultrajecti
750 4247 841 4316 1755,
864 4249 895 4312 4.

181 4338 319 4399 Biblische
341 4339 499 4399 Weinlehre
521 4340 567 4399 fuir
588 4337 731 4416 geistliche
748 4338 1039 4416 undnichtgeistliche
1052 4335 1246 4398 Freundedes
1257 4333 1351 4396 Trau-

224 4421 372 4484 bensafles.
416 4425 513 4483 Vacha
541 4419 632 4484 1839.
653 4419 682 4482 8.
