2874 4974
573 297 705 382 Aegypti.
738 301 847 364 Graeci.
1265 303 1306 367 35

131 453 211 516 Petr.
234 452 372 514 Gerilre
405 451 566 534 (Gericlre)
598 457 635 514 de
661 454 790 528 Athotis‚
828 455 975 516 Tosarthri
997 463 1027 517 et
1050 458 1303 536 antiquissimorum

176 537 383 618 Aegyptiorum
403 540 544 597 anatomia
559 540 694 599 fabulosa.
714 542 888 606 Helmestad.
901 537 993 604 1739.
1004 539 1034 607 4.
1062 550 1186 620 (Scripta
1200 549 1235 603 dc
1248 565 1304 603 ruu-

179 620 237 675 miis
253 621 314 674 vide
331 622 379 674 sub
397 619 506 674 historia
526 621 693 688 anatomiae.)
1387 613 1390 631 ¹

133 692 214 753 Curt.
229 694 411 836 Sprc32113gel
426 713 521 772 progr.
537 695 760 770 antiquissimum
774 695 848 771 regis
859 693 982 774 Aegypti
992 695 1130 756 Pharonls
1143 691 1303 780 ἀνάθημα.

131 774 316 940 Δυῗ18ῐ1781.
346 774 510 923 7781111ετ
534 881 630 941 progr.
660 864 696 920 de
721 862 780 921 loto
812 859 954 943 Aegyptia
975 863 1005 924 iu
1036 868 1155 926 nummis
1175 869 1303 945 antiquie.

176 948 256 1026 Lips.
275 942 367 1008 1746.
385 950 407 1012 f.
442 952 513 1020 (Cfr.
529 954 607 1019 Benj.
622 953 684 1021 Ray
697 951 725 1004 in
741 952 915 1008 Gentlemane
930 972 1032 1023 magar.
1051 964 1077 1009 ct
1095 959 1204 1012 iudeis
1221 959 1303 1011 Hem-

177 1031 254 1097 burg.
278 1028 386 1098 Magea.
405 1029 454 1086 Bd.
472 1028 516 1093 23,
533 1030 563 1084 S.
581 1029 631 1080 201
650 1031 704 1098 lg.;
723 1029 784 1082 dein
801 1030 866 1086 Ren.
887 1031 917 1086 L.
937 1033 1120 1087 Deslontainee
1137 1037 1164 1087 in
1181 1035 1259 1090 Mem.
1270 1036 1303 1088 de

178 1098 281 1157 l'Acad.
298 1100 324 1155 d.
335 1099 432 1153 ecienc.
442 1099 476 1152 de
484 1098 571 1156 Paris.
590 1098 666 1165 1788,
685 1117 711 1169 p.
730 1098 782 1152 443
790 1114 811 1155 ι.
827 1109 853 1154 et
861 1101 952 1160 Journ.
962 1102 996 1154 de
1005 1101 1081 1172 phys.
1091 1113 1112 1160 t.
1121 1103 1164 1160 33.
1174 1120 1200 1174 p.
1209 1102 1259 1161 287
1268 1109 1304 1174 a.)

468 1274 510 1342 z
602 1270 970 1343 Graeca

545 1419 607 1461 aa.
646 1405 887 1464 Gereerattm.

134 1508 213 1571 Petr.
239 1510 372 1570 Gerihe
396 1512 433 1570 de
459 1508 560 1570 scholis
586 1517 672 1588 atqne
696 1512 829 1570 institutis
861 1514 975 1571 medicis
1006 1514 1034 1570 in
1069 1513 1187 1572 Graecia
1218 1523 1305 1593 atque
1378 1546 1381 1553 ·

179 1594 313 1675 Aegypto
343 1598 436 1672 deque
469 1597 622 1655 medicinae
654 1602 728 1655 statu
753 1598 781 1655 in
805 1597 925 1656 Graecia
945 1606 1011 1657 ante
1032 1597 1212 1676 Hippocratis
1233 1607 1304 1659 tem-

180 1700 262 1760 pora.
284 1681 458 1740 Helmestad.
471 1675 561 1741 1745.
578 1674 699 1762 (1748.)
717 1679 747 1740 4.
792 1688 868 1755 (Cfr.
883 1687 917 1739 F.
934 1689 969 1739 G.
987 1687 1155 1740 Welcker
1174 1695 1217 1747 die
1234 1697 1304 1748 eltr-

180 1769 240 1814 εισι
259 1763 403 1834 Zeagniesc
412 1766 464 1830 fiir
481 1764 572 1815 innere
590 1764 742 1817 Heillcnnde
760 1766 801 1818 hei
819 1765 870 1817 den
890 1765 1019 1817 Gricchen
1042 1764 1070 1817 in
1087 1765 1193 1819 Heclrer
1210 1764 1303 1819 huual.

181 1830 207 1886 d.
226 1831 372 1884 Heillrunde
390 1831 467 1895 1832,
484 1831 572 1884 XXII.
597 1833 627 1888 S.
647 1831 704 1900 26.)

135 1902 184 1961 Jo.
206 1902 282 1980 Aug.
306 1904 519 1963 Wohlfarth
542 1904 751 1982 Biographieen
773 1904 956 1980 griechischer
978 1901 1082 1963 Aerzte
1103 1925 1154 1966 eus
1176 1908 1227 1966 der
1245 1905 1307 1966 Ge-

180 1989 304 2048 schichte
326 1991 376 2046 der
396 1989 518 2048 Medicin
539 1991 590 2047 des
614 1989 651 2047 H.
674 1989 795 2049 Leclerc.
839 1990 921 2048 Halle
948 1984 1038 2050 1770.
1062 1985 1091 2048 8.

136 2073 204 2132 Car.
228 2074 293 2133 Glo.
314 2073 422 2132 Kiihn
450 2074 487 2131 de
514 2093 599 2131 causa
626 2076 722 2132 mortis
748 2075 890 2132 homiuum
919 2093 993 2150 aqua
1014 2074 1221 2134 submersorum
1243 2095 1306 2134 eos-

180 2178 238 2235 que
251 2159 279 2217 in
301 2159 386 2216 vitam
405 2160 554 2217 revocandi
578 2161 686 2217 ratione
707 2160 847 2219 veteribus
870 2160 1005 2218 Graeciae
1027 2161 1141 2219 medicis
1163 2167 1305 2239 usurpata.

179 2243 261 2323 Lips.
283 2238 374 2304 1778.
395 2238 426 2304 4.
447 2275 491 2287 -
513 2242 601 2300 Redit
620 2248 650 2302 in
671 2245 795 2320 Ejusd.
818 2244 940 2323 Opuscc.
962 2245 1042 2304 acad.
1062 2244 1126 2303 Vol
1138 2245 1160 2304 I.
1184 2241 1243 2324 p.l
1262 2265 1306 2322 sq.

137 2362 184 2374 -
214 2362 258 2373 -
296 2327 392 2407 (resp.
424 2328 492 2388 Chr.
532 2327 600 2387 th.
632 2329 666 2386 F.
700 2329 820 2405 Webel)
860 2330 896 2386 de
932 2328 1105 2405 philosophis
1132 2335 1198 2387 ante
1233 2330 1306 2408 Hip-

181 2419 326 2492 pocratem
347 2413 500 2472 medicinae
522 2413 683 2486 cultoribus,
710 2415 746 2472 ad
768 2412 843 2470 Celsi
865 2414 902 2471 de
922 2413 1020 2474 medlo.
1042 2414 1160 2491 praefat
1187 2414 1306 2492 Specim.

181 2499 204 2563 1.
248 2497 327 2577 Lips.
350 2491 441 2560 1781.
463 2493 492 2556 4.
519 2529 563 2541 —
583 2498 670 2556 Redit
690 2501 721 2556 ic
738 2498 765 2555 J.
789 2498 855 2555 Chr.
877 2498 932 2555 Gli.
957 2497 1307 2575 hekermannopuscc.ad

181 2583 336 2642 medicinae
365 2581 510 2642 historiam
541 2584 691 2661 pertinent.
723 2576 815 2644 1797.
845 2602 874 2659 p.
902 2576 1085 2642 237-292
1118 2589 1144 2641 et
1168 2587 1199 2642 in
1218 2582 1308 2642 Kirhn

183 2668 307 2744 Opusec.
344 2668 423 2726 acad.
459 2667 523 2726 Vol.
551 2667 572 2725 l.
604 2687 677 2747 pag.
704 2662 745 2728 47
762 2702 800 2712 -
814 2662 864 2726 86.
935 2669 1052 2740 (Agitur
1078 2673 1113 2724 de
1138 2673 1307 2743 Pythagora,

183 2749 340 2804 Alcmaeone
357 2754 386 2802 et
402 2747 569 2819 Empedocle,
588 2750 692 2820 specim.
713 2749 822 2802 alterum
840 2765 969 2819 uunquam
988 2749 1084 2802 editum
1102 2751 1163 2818 est.)

458 2923 520 2981 hh·
584 2923 778 2978 Acrctoree
814 2921 978 2996 singuli.
1023 2874 1029 2886 ¹

579 3055 609 3092 α.
644 3045 719 3092 Nora
735 3043 863 3094 mediet.

538 3157 594 3209 ΛΑ.
655 3158 898 3211 Homerus.

138 3261 245 3323 Anton.
265 3262 437 3323 Valetiue
458 3264 558 3337 oratio,
581 3283 637 3340 qua
655 3265 807 3323 medicinae
820 3263 971 3339 antiquitas
987 3281 1021 3322 ex
1036 3264 1225 3339 antiquissimo
1237 3266 1311 3341 poi-

181 3356 274 3407 tarum
298 3348 425 3406 Homero
447 3349 539 3407 obIter
563 3355 592 3407 et
616 3349 765 3425 allegorice
786 3347 958 3406 describitur.
1001 3346 1089 3410 Paris.
1113 3341 1203 3406 1570.
1226 3344 1256 3407 8.

139 3430 406 3578 Adppuogrpndel
428 3432 516 3512 (resp.
527 3432 554 3493 J.
567 3434 631 3492 Gfr.
643 3433 754 3513 Oertel)
785 3434 850 3490 diss.
874 3433 911 3490 de
932 3431 1057 3490 Homero
1073 3432 1192 3490 medico.
1215 3431 1308 3491 Viteb.

138 3603 184 3662 Jo.
213 3603 280 3661 Chr.
305 3600 489 3679 Haynisch
519 3622 616 3682 progr.
648 3601 803 3660 Homerum
831 3601 897 3659 artis
919 3599 1051 3658 medendi
1071 3599 1191 3678 peritum
1215 3603 1309 3662 fuisse.

184 3687 296 3747 Schleiz
321 3682 413 3746 1736.
436 3687 456 3745 r’.

138 3772 185 3836 Jo.
209 3772 268 3831 Gli.
284 3770 435 3831 Daehne
455 3771 575 3851 epistola
597 3773 634 3829 de
653 3771 791 3831 medicina
811 3769 936 3829 Homeri.
958 3768 1035 3846 Lipe.
1060 3762 1151 3833 1746,
1176 3764 1207 3832 4.
1238 3775 1309 3844 (Cfr.

182 3853 217 3910 F.
238 3854 274 3907 G.
291 3852 455 3906 Welclrer
484 3852 708 3904 Wandhcilkanet
727 3854 775 3906 der
791 3852 897 3905 Herocn
914 3851 955 3904 hei
971 3851 1071 3902 Homer
1088 3849 1115 3903 in
1132 3851 1238 3904 Heclrer
1253 3853 1310 3907 An-

182 3921 236 3975 nal.
262 3922 289 3977 d.
306 3922 453 3975 Heillrunde
471 3921 547 3976 1832.
566 3920 667 3973 XXIII.
685 3920 760 3987 267.)

140 3994 244 4055 David.
268 3994 333 4056 Glo.
356 3994 456 4054 Wolf
473 3992 602 4052 derebus
614 4012 648 4050 ex
659 3994 784 4052 Homero
796 3993 909 4052 medicis
920 3990 1046 4068 epistola.
1067 3990 1160 4050 Viteb.
1177 3986 1267 4052 1791.
1279 3989 1309 4052 4.

184 4075 257 4144 (cfr.
275 4075 331 4133 Jer.
349 4076 416 4128 llud.
427 4074 676 4128 Lichtenstadt
694 4077 871 4145 Duratellung
889 4075 935 4127 der
949 4074 978 4124 in
996 4073 1047 4124 deu
1061 4072 1247 4125 Homeriechen
1257 4073 1310 4126 Ge·

183 4148 290 4216 eriugen
312 4145 495 4198 chwallenden
512 4143 657 4195 Aneichtcn
678 4147 743 4196 riher
771 4143 883 4196 Nulur·
906 4143 963 4194 ond
986 4141 1139 4194 Hcillcunde
1160 4141 1187 4194 in
1204 4142 1310 4194 Heolrer

186 4214 279 4267 huual.
298 4215 345 4267 der
360 4214 448 4268 Heilk.
468 4210 544 4267 1827.
562 4212 609 4264 IX.
627 4211 678 4267 257
697 4230 736 4282 sq.
754 4210 805 4264 385
823 4216 873 4280 eq.)

140 4289 207 4351 Car.
231 4286 307 4350 Guil.
326 4285 508 4345 Halhkart
528 4285 711 4363 psychologia
732 4285 898 4359 Homerica,
927 4283 985 4340 sive
1006 4284 1041 4339 de
1063 4281 1212 4340 Homerica
1237 4281 1310 4340 circa

182 4373 307 4432 animam
328 4371 373 4431 vel
393 4371 553 4448 cognitione
573 4373 617 4432 vel
639 4373 770 4449 opinione
784 4368 991 4429 commentatio.
1020 4366 1165 4425 Ziillichau
1178 4358 1269 4425 1796.
1280 4361 1308 4425 8.

142 4458 208 4519 Carl
229 4459 328 4518 Heinr.
350 4456 434 4517 Wilh.
458 4455 618 4518 Voellcer
637 4456 802 4534 Progremm
818 4456 890 4514 iiber
905 4454 951 4512 die
966 4451 1137 4526 Bedeutung
1152 4469 1208 4511 von
1222 4444 1309 4537 ψυχή

1016 4546 1057 4607 3*
