2874 4974
505 317 646 380 Medicina
666 321 786 399 publica
873 334 879 342 “
1175 326 1240 393 211

112 425 175 523 sitio
192 466 226 523 de
249 467 398 525 conditione
420 466 580 524 medicorum
603 469 674 540 apud
697 470 842 535 hunnos,
860 470 888 524 in
906 488 958 543 qua
976 474 1103 548 manue
1120 481 1239 549 quaeda

114 537 166 592 hac
179 537 226 592 lits
241 538 344 609 scripta
360 545 420 594 sunt
441 546 566 593 secante
585 546 614 593 ct
630 539 743 608 ingentu
760 540 956 610 dijudicantur.)

69 610 115 669 Jo.
143 611 211 671 Fun.
237 610 268 669 H
275 612 482 672 ebcnstreit
513 630 609 690 progr.
639 614 677 671 dc
707 615 822 673 medicis
848 615 991 677 archiatris
1017 623 1048 676 et
1072 620 1239 697 professori·

114 695 175 830 pne.
196 693 287 828 RIips.
305 690 412 844 )1741.
431 690 462 755 4.
509 700 620 770 (Agitur
646 702 681 755 de
704 701 850 756 archiatris
878 705 927 758 sub
957 705 1167 777 imperatoribus
1190 729 1239 765 ve-

126 795 178 830 el'l!
222 795 303 833 011180.

70 848 116 908 Jo.
149 849 278 909 Gttwald
309 847 340 908 N
347 849 472 909 aubert
493 855 643 912 comment.
665 852 703 911 de
730 851 854 911 adversis
880 831 1053 916 medicorum
1074 858 1140 917 satis
1160 862 1239 940 apud

112 934 267 996 Romanos.
301 934 364 994 Jen.
386 928 477 994 1756.
503 929 533 993 4.

70 1019 146 1096 Aug.
167 1019 225 1082 Gli.
247 1021 402 1079 >Richter
431 1023 532 1098 (praes.
554 1018 703 1081 Gco.Glo.
718 1019 844 1094 Richter)
863 1022 954 1100 prisca
981 1023 1075 1084 Roma
1100 1026 1128 1085 in
1149 1031 1239 1089 medi-

114 1123 163 1163 cos
184 1123 250 1164 suos
273 1106 349 1164 hand
374 1104 477 1181 iniqua.
501 1104 631 1180 Gotting.
652 1098 745 1204 1764.
755 1101 937 1167 4.—Redit
949 1111 981 1168 in
1000 1109 1095 1171 Pracs.
1115 1113 1237 1194 Opnscc.

69 1189 242 1338 Jolllldll
258 1272 332 1331 Guil.
353 1273 449 1331 Beck
478 1266 565 1356 (resp.
583 1273 671 1333 fratre
695 1273 762 1333 Chr.
784 1273 818 1333 F.
844 1275 882 1334 Η.
906 1277 997 1354 Beck)
1029 1280 1239 1350 observationes

114 1360 151 1418 de
177 1359 369 1418 Romanorum
397 1358 541 1436 disciplina
568 1357 678 1437 publica
704 1360 831 1433 medica,
862 1362 900 1420 ad
925 1362 1091 1423 illustranda
1114 1374 1240 1429 veterum

114 1444 280 1523 scriptorum
304 1449 333 1501 et
351 1443 420 1518 juris
443 1443 527 1501 civilis
548 1443 621 1504 loca.
659 1442 738 1523 Lips.
773 1440 865 1505 1809.
900 1441 930 1506 4.
963 1451 1136 1525 (Diuquisitio
1159 1459 1241 1512 docta

115 1526 149 1578 ad
166 1526 211 1594 jus
228 1525 302 1577 Rom.
320 1525 460 1594 praecipue
481 1523 633 1594 pertinens.)

73 1597 140 1657 Ern.
164 1598 276 1658 Theod.
302 1597 404 1676 Gaup
411 1618 430 1676 p
456 1598 492 1656 de
518 1596 722 1676 professoribus
749 1604 778 1656 et
805 1599 919 1659 medicis
948 1620 1101 1679 eorumque
1128 1606 1240 1683 privile-

114 1684 168 1760 giis
191 1683 218 1742 in
240 1683 302 1758 jure
319 1682 448 1748 Romano
471 1682 639 1742 dissertatio.
672 1683 754 1760 Spec.
778 1681 799 1744 l.
834 1685 981 1743 Vratislav.
1004 1683 1095 1750 1827.
1118 1687 1146 1749 8.
1173 1695 1240 1764 (Au-

116 1763 198 1818 ctoris
222 1763 281 1818 lcri
303 1780 370 1832 opus
392 1761 520 1817 eruditum
545 1762 625 1816 multa
648 1762 764 1816 continet
788 1765 823 1817 ad
840 1765 992 1820 medicinam
1008 1768 1110 1824 Romae
1126 1773 1239 1842 veteris3

115 1833 164 1890 cir.
182 1832 291 1902 allgem.
310 1833 400 1888 medic.
418 1833 511 1889 hunsl.
532 1831 609 1897 1828,
627 1849 688 1901 pag.
702 1831 776 1900 428.)

69 1906 138 1969 Car.
170 1906 243 1964 Just.
276 1905 471 1964 Goldhoru
503 1906 571 1966 diss.
593 1905 687 1980 inaug.
717 1906 754 1963 de
779 1905 921 1965 archiatris
950 1908 1087 1968 Romanis
1116 1912 1182 1972 inde
1203 1915 1240 1972 ah

115 2011 210 2050 eorum
237 1991 344 2066 origine
366 2009 457 2093 usque
481 1990 519 2048 ad
541 1989 632 2093 'tinem
659 1989 767 2067 imperii
794 1990 916 2092 ltomaui
941 1996 1128 2056 occidentalis.
1161 1997 1240 2078 Lips.

71 2071 918 2236 1011118111811111881110181111111111118111818118881111111.
940 2161 986 2234 C..
1008 2165 1128 2223 formula
1152 2169 1240 2226 corni-

116 2246 152 2304 tis
172 2246 381 2318 archiatrorum,
398 2245 595 2304 commentario
613 2243 758 2304 illustrata.
781 2244 939 2309 Helmstad.
953 2241 1044 2306 1668.
1056 2246 1085 2307 4.
1101 2284 1141 2295 -
1156 2251 1241 2311 Liber

116 2351 211 2402 terrm
221 2329 270 2408 cfr.
282 2329 387 2389 Derris
397 2328 670 2406 Merlwdrdiglceitert
680 2329 729 2387 cler
744 2331 928 2389 Gerellisclrsn
944 2329 1076 2392 Bibliotlr.
1084 2355 1154 2412 pag.
1166 2333 1239 2398 240.

117 2412 216 2478 (Locus
241 2411 267 2464 in
291 2410 442 2466 Cassiodori
466 2410 597 2463 variarum
619 2409 704 2478 libris,
730 2411 746 2463 l.
766 2410 962 2494 Vl.cap.19.c
981 2415 1241 2480 ‚‚iutcrutitissimus

117 2490 190 2534 artes
208 2498 274 2550 quus
292 2483 329 2533 ad
343 2481 545 2534 sustentandum
564 2480 697 2532 hamanus
708 2481 879 2550 fragilitates
895 2488 987 2535 atc-
1003 2486 1105 2552 quatem
1123 2503 1170 2538 nos
1188 2488 1240 2539 hu-

119 2551 177 2604 hcre
197 2568 250 2602 aon
266 2553 410 2619 prohumur
430 2551 459 2602 in
477 2552 622 2612 cucteros‚“
647 2562 704 2600 cum
729 2548 814 2618 amplo
832 2549 966 2602 Meibornii
984 2551 1093 2605 senioris
1111 2571 1240 2608 comman-

118 2619 197 2683 tario,
214 2616 249 2672 86
268 2636 365 2688 pagg,
389 2618 434 2688 qui
457 2618 490 2670 da
513 2617 540 2670 vi
563 2616 637 2671 vocis
660 2617 801 2670 Archiater
823 2626 851 2670 et
874 2618 907 2670 de
925 2619 1066 2674 honoribus
1083 2623 1241 2678 medicorum

119 2689 190 2760 apud
209 2695 313 2743 veteres
331 2688 396 2758 agit.
415 2687 490 2758 Opus
508 2685 671 2757 posthumum
688 2686 757 2740 lilius
774 2686 903 2741 Heuricns
916 2689 1018 2757 edidit.)

75 2929 137 3026 n
194 2879 622 3026 Medicorum
649 2927 894 3025 meista
929 2930 1005 3029 ns
1019 2933 1241 3053 Jam-

429 3061 883 3185 prudentiam.

77 3287 144 3347 Car.
166 3286 231 3345 Glo.
254 3285 356 3344 Kiihn
377 3305 474 3363 progr.
499 3287 536 3344 de
556 3286 727 3344 medicorum
748 3286 852 3346 meritis
875 3288 904 3346 in
925 3287 1159 3367 jurisprudentiae
1179 3296 1241 3350 stu·

119 3374 206 3432 dium.
235 3369 312 3449 Lips.
336 3365 429 3431 1814.
452 3365 481 3429 4.
506 3404 550 3414 -
573 3367 661 3428 Redit
681 3373 711 3427 in
734 3370 835 3446 Ejusd.
861 3391 973 3450 opuscc.
1000 3375 1101 3436 acadd.
1131 3373 1195 3436 Vol.
1217 3375 1239 3439 l.

119 3451 211 3517 1827.
232 3476 259 3533 p.
282 3450 345 3514 362
356 3487 394 3498 -·
408 3449 480 3517 367.
513 3459 602 3528 (Patr.
624 3459 734 3526 Baldus,
751 3461 845 3517 Herm.
863 3461 996 3532 Conring,
1017 3463 1095 3519 Paul.
1114 3463 1240 3533 Zachias,

118 3537 200 3590 Mich.
220 3536 254 3589 E.
271 3535 418 3602 Ettmirller‚
435 3535 517 3590 Mich.
539 3534 639 3589 Alberti
656 3536 722 3602 alii.)

74 3611 145 3671 Sim.
165 3611 261 3670 Herm.
283 3608 453 3668 Musaeus
478 3612 514 3670 de
535 3610 715 3688 Hippocratis
736 3611 766 3668 in
788 3610 851 3686 jure
879 3617 939 3669 tum
961 3613 1094 3671 canonico
1119 3618 1180 3672 tum
1201 3614 1241 3673 ci-

70 3758 76 3769 ,
118 3695 165 3753 vili
184 3694 363 3755 authoritate.
396 3693 487 3756 Giess.
511 3690 603 3756 1680.
620 3691 651 3754 4.

75 3781 143 3839 Chr.
165 3780 285 3838 Godosr.
313 3778 453 3839 Grnuer
477 3779 638 3839 Pandectae
662 3780 787 3839 medicae
810 3799 834 3844 s.
858 3780 997 3839 succincta
1019 3780 1168 3859 explicatio
1195 3803 1240 3842 re·

116 3885 178 3925 rum
213 3865 382 3923 medicatum
417 3864 445 3922 in
473 3864 711 3942 Institutionibus,
750 3864 891 3941 Digestis,
928 3862 1055 3923 Novellis
1087 3867 1239 3928 obviarum.

114 3949 177 4013 Jeu.
201 3943 403 4010 1801.1808.
428 3943 458 4012 8.

74 4036 149 4096 Dan.
173 4035 257 4098 Wilh.
280 4033 415 4092 Triller
440 4053 534 4111 progr.
561 4032 696 4093 l.—-lll.
723 4034 759 4092 de
783 4033 937 4112 publicanis
958 4041 987 4092 ct
1011 4036 1192 4112 vectigalibus
1210 4038 1239 4095 in

116 4121 173 4196 leg.
199 4119 275 4178 XVI.
298 4116 326 4197 §
348 4113 377 4179 7.
399 4117 508 4195 Digest.
531 4119 623 4182 Viteb.
646 4112 890 4179 1777-1778.
916 4115 945 4177 4.

74 4205 159 4267 Mich.
181 4202 324 4263 Alberti
350 4204 547 4262 commentatio
568 4205 597 4262 in
622 4204 857 4262 constitutionem
879 4203 1056 4261 criminalem
1080 4204 1239 4264 Carolinam

119 4291 237 4363 medica,
262 4289 343 4347 variis
365 4290 451 4347 titulis
468 4295 496 4348 et
520 4289 640 4348 articulis
660 4289 769 4347 ratione
790 4296 819 4348 et
848 4289 1016 4366 experientia
1043 4289 1185 4366 explicatis
1210 4297 1239 4349 ct

117 4375 287 4435 confirmatis
312 4374 527 4452 comprehensa,
557 4374 796 4433 observationibus
828 4373 935 4432 selectis
955 4373 1102 4447 illustrata,
1131 4368 1240 4434 multis·

116 4479 173 4537 que
194 4459 359 4519 testimoniis
379 4460 504 4534 juridicis
526 4466 556 4518 et
579 4459 692 4519 medicis
712 4459 831 4538 prolata.
859 4457 924 4517 Hal.
951 4452 1043 4518 1739.
1061 4452 1091 4518 4.

967 4553 1033 4618 14*
