2874 4974
574 321 715 382 Medicina
735 323 857 401 publica
1243 334 1307 398 209

133 475 323 623 Erffl‘i‘
340 475 415 535 Guil.
437 471 554 534 Nebel
577 493 671 552 progr.
694 477 792 535 medici
813 479 891 539 unde
912 479 1041 542 dicantur
1063 487 1188 561 gratiosi.
1211 489 1304 555 Giess.

134 649 194 732 (Jo.
220 649 284 711 Car.
307 645 381 704 Guil.
404 643 593 724 Moehsen)
624 643 832 704 Commentatio
858 648 948 726 prima
974 652 1011 710 de
1037 656 1151 714 medicis
1180 661 1303 735 equestri

178 735 315 810 dignitate
341 731 454 792 ornatis.
498 729 652 787 Praemisso
674 735 718 787 est
740 732 896 792 dissertatio
917 736 954 794 de
975 756 1042 795 vera
1062 739 1194 800 felicitate
1208 763 1225 803 e
1241 752 1302 803 stu-

178 821 225 878 dio
249 824 278 877 et
299 816 428 875 exercitio
456 815 523 873 artis
543 813 668 873 medicae
693 816 844 892 capienda,
870 819 1038 900 philosopho
1060 825 1150 901 aeque
1175 847 1208 887 ac
1229 829 1302 889 chri-

178 906 269 963 stiano
299 903 395 975 digna.
438 899 531 958 Berol.
562 897 702 974 (Norimb.
730 895 837 981 1768.)
864 899 892 962 4.
927 909 980 975 (Ad
1001 912 1123 968 ordinum
1137 918 1301 987 equestrium

179 984 257 1040 medii
273 983 334 1037 aeri
350 981 510 1050 aliarumque
528 981 654 1049 ejusmodi
670 979 837 1036 sodalitatem
855 984 1010 1056 historiam.)

433 1154 523 1243 hh·
573 1155 740 1260 Apso
773 1163 1004 1247 veteres.

136 1333 285 1412 Polycarp.
310 1329 345 1394 F.
371 1327 556 1386 Schacher
578 1326 681 1406 (praes.
704 1328 797 1408 Chph.
821 1330 908 1406 Woll)
931 1334 998 1397 diss.
1019 1333 1083 1398 hist.
1105 1339 1165 1402 crit.
1191 1341 1229 1398 de
1249 1341 1301 1400 ho·

180 1419 293 1477 neribus
318 1415 488 1474 medicorum
512 1416 589 1491 apud
611 1422 728 1473 veteres.
757 1413 836 1492 Lips.
860 1411 952 1477 1732.
977 1415 1006 1481 4.
1034 1425 1112 1491 (Sch.
1135 1431 1227 1497 opus.)

137 1505 217 1564 Gius.
251 1500 457 1560 Benvenuti
495 1499 569 1556 della
602 1500 768 1559 condizione
794 1499 839 1559 de'
867 1504 965 1562 medici
996 1524 1093 1583 presso
1123 1509 1161 1584 gli
1191 1509 1301 1576 antichi.

179 1588 300 1663 Perugia
325 1580 416 1647 1779.
439 1577 553 1659 (1786.)
577 1579 607 1642 4.

138 1676 204 1734 Car.
230 1671 464 1732 Drelincourt
484 1668 616 1747 apologia
637 1669 754 1741 medica,
780 1688 837 1744 qua
853 1670 999 1748 depellitur
1017 1672 1063 1730 illa
1080 1675 1226 1746 calumnia,
1245 1697 1303 1736 me-

181 1760 258 1817 dicos
280 1756 415 1814 sexcentis
425 1754 504 1811 annis
520 1754 612 1812 Roma
626 1752 760 1812 exulasse.
781 1753 946 1830 Lugdssat.
957 1756 1051 1833 (nonis
1061 1758 1133 1837 Jul.)
1149 1755 1240 1824 1671.
1253 1758 1303 1822 12.

179 1843 279 1901 Editio
302 1841 390 1899 altero
409 1841 444 1897 ab
465 1844 572 1896 anctore
594 1843 703 1896 corate:
726 1838 762 1899 L.
781 1840 814 1901 B.
842 1835 935 1900 1672.
961 1837 1010 1902 12.

139 1929 199 2009 (1ο,
221 1928 299 1987 Frid.
325 1924 597 1983 Boeclselmann
620 1923 693 1999 lCt.)
714 1923 842 1982 Medicus
864 1925 1011 1984 Romanus
1038 1947 1134 1986 servus
1159 1932 1304 2007 sexaginta

182 2013 276 2072 solidis
301 2011 472 2074 aestimatus,
494 2009 552 2066 sive
571 2015 707 2066 tractatus
729 2009 766 2067 de
790 2017 914 2068 veterum
940 2013 1110 2071 medicorum
1135 2009 1304 2092 nominibus,

181 2096 371 2158 functionibus
399 2101 428 2152 et
453 2094 499 2151 vili
526 2093 687 2152 conditione
708 2113 823 2170 prorsus
851 2094 940 2152 aliena
968 2097 1003 2153 ab
1025 2105 1085 2155 arte
1107 2105 1239 2175 statuque
1260 2123 1305 2160 re-

183 2183 312 2242 centioris
339 2180 398 2238 aeri
427 2180 597 2236 medicorum
622 2178 845 2236 doctissimorum
877 2180 1146 2258 clarissimorumque
1172 2187 1303 2251 virorum.

182 2267 277 2344 Lugd.
302 2267 366 2323 Bat.
394 2259 485 2324 1671.
511 2258 575 2335 123
597 2263 664 2326 ibid.
689 2257 780 2324 1681.
804 2260 865 2339 (12.
883 2265 948 2326 Kal.
966 2265 1111 2342 Februar.)
1136 2264 1201 2342 12.;
1226 2270 1304 2349 Lips.

184 2348 276 2413 1741.
299 2346 327 2409 8.
353 2369 416 2408 cum
436 2347 544 2424 Jugleri
565 2349 631 2410 diss.
655 2349 692 2406 de
715 2349 918 2408 nundinatione
939 2368 1089 2415 servorum.
1117 2387 1160 2397 -
1197 2354 1305 2419 Quarta

183 2439 320 2516 impressio
346 2455 416 2493 enno
443 2429 526 2494 1746
551 2433 633 2511 secto
660 2439 697 2491 est
724 2452 788 2492 cora
819 2433 906 2492 Miris.
939 2433 997 2495 Gli.
1026 2437 1237 2512 Agnetiler,
1261 2443 1305 2498 re'-

184 2525 246 2582 endi
275 2524 344 2579 enim
357 2519 426 2597 serit
445 2521 564 2596 primom
582 2518 722 2576 editionem
753 2522 820 2576 anni
845 2514 926 2579 1671
952 2522 997 2578 rob
1018 2522 1082 2580 doto
1105 2529 1130 2580 et
1150 2524 1206 2582 loco
1231 2530 1304 2584 anti

185 2629 235 2688 qno
255 2609 369 2684 „ponens
390 2605 514 2680 exemplis
537 2607 567 2662 in
589 2622 664 2662 neom
685 2606 819 2661 societatis
843 2625 910 2683 quoe
935 2608 1067 2683 impensos
1088 2609 1234 2682 contedit‘3
1257 2630 1305 2669 ro-

183 2714 244 2752 rnm
265 2693 336 2750 hene
362 2692 557 2767 impressionem
580 2690 615 2747 ab
639 2689 771 2764 originali
798 2689 913 2747 editione
928 2710 1034 2748 numero
1051 2696 1218 2769 paginarum
1242 2695 1306 2772 dig-

182 2799 280 2847 nosces,
303 2795 366 2834 cnm
392 2793 462 2831 noun
488 2777 624 2852 impressio
644 2770 702 2848 46,
729 2780 802 2831 uetrss
828 2768 869 2832 55
892 2779 1013 2853 paginas
1039 2777 1146 2836 hebent.
1189 2785 1307 2853 (Contra

184 2864 431 2931 Drelincourtium.)

139 2949 267 3029 Lepidus
289 2946 399 3004 Pacis
403 2947 478 3003 icus
503 2943 765 3020 (Saxoiermtensis)
779 2944 925 3021 responsio
945 2946 982 3003 ad
1004 2946 1151 3022 epistolam
1169 2947 1308 3027 bibliopo-

182 3028 227 3094 lae
248 3032 393 3091 Leidensis
425 3030 619 3105 graeco-latini
644 3030 680 3087 de
701 3029 781 3087 exilio
807 3031 977 3087 medicorum
1002 3031 1195 3090 Romanorum
1216 3040 1253 3092 et·
1270 3036 1307 3094 de

183 3119 311 3178 absurdis
332 3115 429 3174 libellis
448 3115 687 3186 Drelincurtianis,
709 3115 810 3189 quibus
838 3114 929 3172 honor
954 3116 1053 3173 nimius
1083 3118 1204 3193 antiquis
1229 3137 1307 3179 asse-

183 3205 254 3264 ritur
275 3200 462 3276 medicastris,
493 3200 634 3258 clarissimi
660 3206 752 3256 antem
781 3201 881 3257 medici
907 3200 1015 3277 ipsique
1040 3203 1208 3261 medicorum
1230 3205 1307 3280 prin-

183 3291 259 3368 cipes
281 3286 442 3365 praesertim
468 3284 567 3344 Batavi
595 3283 719 3341 maximis
739 3283 845 3357 injuriis
870 3290 956 3361 atque
988 3286 1159 3343 contumeliis
1180 3287 1307 3346 afficiun-

183 3380 239 3434 tur.
264 3372 358 3447 Lugd.
373 3364 605 3429 Bat.1681.12.
632 3371 706 3441 (lCti
720 3372 828 3424 ridetur
845 3389 906 3426 esse
917 3373 1056 3442 scriptum,
1071 3375 1164 3427 forsan
1174 3376 1306 3430 Boeckel-

141 3453 566 3590 Anqqpubtrpgqs.)Goelicke
590 3520 709 3601 epistola
737 3520 851 3597 gratul,
871 3522 899 3581 in
920 3541 976 3598 qus
998 3542 1144 3582 commune
1168 3526 1307 3584 refutatur

183 3611 384 3694 praejudicium
407 3609 529 3667 medicos
551 3627 647 3667 omnes
668 3608 778 3665 Romae
794 3607 859 3667 olim
875 3607 999 3684 abjectae
1014 3609 1181 3668 conditionis
1201 3618 1230 3670 et
1248 3630 1307 3669 ser-

183 3718 237 3757 vos
258 3696 353 3758 fuisse.
377 3693 454 3771 Lips.
478 3688 615 3771 (17051)
637 3685 728 3755 1708.
750 3687 780 3754 4.

142 3784 215 3844 Geo.
236 3781 348 3840 Ludov.
371 3780 531 3837 Goldner
553 3780 589 3837 de
609 3779 779 3836 medicorum
806 3779 944 3854 dignitate
959 3782 989 3836 et
1000 3777 1081 3837 titulo
1096 3779 1233 3838 senatoris
1252 3779 1306 3839 illis

185 3870 250 3927 olim
272 3866 385 3925 tributo.
414 3864 507 3923 Gerae
529 3857 623 3928 1712.
643 3859 672 3926 4.
696 3865 826 3935 (Auctore
845 3886 898 3919 non
914 3869 1017 3920 medico
1035 3868 1083 3920 sed
1094 3867 1305 3939 ludimagistro.)

141 3951 231 4015 Andr.
253 3952 363 4012 Ottom.
389 3949 563 4008 Goelicke
585 3949 622 4006 de
649 3948 851 4025 sapientissima
872 3949 936 4024 lege
957 3946 1164 4007 Atheniensium
1186 3969 1242 4025 qua
1259 3970 1306 4008 so-

184 4038 312 4097 lemniter
332 4036 468 4094 sancitum
493 4038 563 4109 erat,
588 4051 624 4091 ne
653 4051 709 4106 qua
736 4033 839 4091 femina
867 4042 916 4093 aut
945 4053 1040 4100 servus
1070 4036 1235 4093 medicinam
1262 4036 1306 4092 di-

183 4130 283 4198 sceret,
303 4123 382 4199 epist.
408 4121 472 4178 Hal.
495 4114 610 4194 (1713.)
636 4111 728 4178 1717.
750 4112 779 4175 4.

141 4209 269 4286 Conyers
297 4206 504 4265 llliddleton
531 4205 567 4262 de
592 4202 761 4261 medicorum
785 4202 862 4280 apud
890 4209 997 4261 veteres
1027 4203 1172 4261 Romanos
1199 4203 1306 4278 degens

183 4296 252 4353 tium
278 4292 438 4351 conditione
459 4290 632 4362 dissertatio,
654 4305 711 4363 qua
732 4293 829 4345 contra
849 4287 907 4348 Jac.
930 4288 1065 4366 Spouium
1087 4295 1115 4344 et
1132 4288 1212 4348 Rich.
1228 4287 1307 4346 Mea-

184 4380 262 4437 dium
284 4377 410 4436 servilem
435 4396 496 4435 eam
517 4376 602 4433 tuisse
623 4373 789 4436 ostenditur.
815 4373 978 4449 Cantabrig.
1005 4367 1096 4429 1726.
1117 4369 1147 4431 4.
1164 4407 1205 4418 --
1220 4373 1305 4450 Argi.

182 4461 277 4528 Lond.
303 4456 396 4522 1734.
415 4457 445 4525 8.
477 4469 613 4540 (Auctoris
629 4469 746 4540 theologi
764 4488 831 4543 opus
849 4475 939 4524 contra
958 4468 1127 4616 Spoqipmjin
1145 4470 1306 4525 Recherches
