2874 4974
574 301 714 364 Medicina
737 305 855 381 magica.
1238 296 1300 363 121

128 454 176 515 Jo.
202 454 278 518 Rud.
304 454 498 514 Salamann
521 450 677 538 dcccxcvii
702 453 886 538 ὁπλιατρίας.
909 455 1046 526 Quaestio
1067 472 1104 516 an
1125 460 1300 534 unguentum

174 540 332 616 armarium,
357 541 436 617 quod
456 560 552 619 panno
573 543 665 602 solum
689 541 821 618 gladiove
848 548 964 601 cruento
992 543 1090 601 illitum
1110 547 1140 600 et
1167 543 1301 601 concinne

174 625 348 705 applicatum
380 625 538 684 vulneribus
562 629 640 703 aegri
667 646 718 686 seu
750 629 904 705 praesentis
933 646 982 686 seu
1004 629 1041 686 ad
1063 628 1152 687 multu
1176 627 1300 688 milliaria

175 711 299 769 absentis
321 710 458 769 medelam
481 711 582 771 afferat
602 712 772 774 naturaliter.
815 710 931 789 Argent.
958 707 1049 772 1663.
1061 709 1091 778 4.

129 794 289 856 Theatrum
310 795 551 876 sympatheticum.
572 795 700 861 Norimb.
723 791 815 857 1662.
839 793 869 857 4.
896 801 1103 870 (Collectanon.)

341 963 391 1046 d.
442 961 694 1049 Plantae
718 970 776 1049 et
799 964 1093 1050 animalia.

130 1100 178 1165 Jo.
201 1100 290 1164 Henr.
312 1100 481 1162 Heucher
500 1097 588 1186 (resp.
610 1105 655 1166 Jo.
677 1102 836 1185 Fabricius)
863 1105 929 1168 diss.
952 1107 988 1165 de
1011 1103 1214 1183 vegetabilibus
1241 1125 1301 1166 ma·
1383 1160 1387 1167 .

176 1187 254 1262 glcis.
297 1187 392 1247 Viteb.
412 1183 504 1251 1700.
532 1184 562 1248 4.
595 1193 758 1266 (Generalia
781 1193 926 1262 continet.)

130 1269 212 1333 Frid.
234 1270 338 1331 Mena
363 1273 434 1350 disp.
461 1273 483 1331 1.
505 1273 542 1331 de
562 1274 675 1352 plantis,
699 1292 769 1350 quas
785 1275 823 1331 ad
839 1294 898 1333 rem
916 1274 1053 1351 mam'cam
1075 1275 1168 1334 facere
1192 1283 1300 1338 veteres

176 1356 364 1416 crediderunt.
407 1355 486 1435 LlpS.
509 1353 600 1418 1705.
622 1357 653 1420 4.
680 1356 722 1435 (v.
739 1363 835 1416 Hellen
861 1365 934 1420 Bibl.
960 1365 1019 1416 bot.
1047 1364 1085 1417 Il.
1116 1363 1173 1431 78.)

129 1439 235 1504 Jerem.
256 1441 338 1501 Wolf
355 1442 509 1502 Monrad
541 1445 578 1502 de
607 1444 729 1504 verbena
753 1444 870 1522 ejusque
891 1464 943 1504 usu
963 1445 992 1503 in
1019 1445 1103 1502 sacris
1127 1451 1156 1505 et
1176 1447 1301 1509 incanta·

174 1526 297 1584 tionibus
319 1533 452 1590 veterum.
495 1527 584 1590 Hafn.
605 1524 696 1592 1751.
719 1525 749 1591 4.

130 1607 167 1673 L.
194 1610 343 1670 Stranss
369 1613 406 1671 de
427 1632 481 1671 ovo
507 1614 581 1689 galli.
625 1614 716 1677 Giess.
742 1608 835 1674 1669.
855 1608 887 1676 4.

131 1693 210 1754 Frid.
237 1695 411 1756 Madcwis
432 1697 605 1772 (Madeweis)
633 1699 670 1757 de
696 1698 824 1758 basilisco
850 1717 885 1757 ex
911 1717 965 1757 oro
991 1697 1059 1775 galli
1087 1698 1221 1778 decrepiti
1245 1701 1302 1759 uri·

176 1780 262 1839 undo.
320 1783 382 1844 Jen.
410 1778 542 1847 1671.4.
583 1789 698 1856 (Eadem
718 1787 913 1858 scriptiuncula
942 1789 1003 1845 eod.
1026 1789 1087 1841 loco
1113 1795 1142 1841 et
1165 1806 1234 1854 anno
1255 1791 1301 1848 Jo.

175 1860 296 1916 Ddllenio
313 1863 492 1932 adscribitur.)

133 1932 281 1993 Eberhard
305 1936 465 1995 Goeckel
483 1937 534 1995 der
551 1937 727 2014 eierlegendc
743 1936 828 1996 Habn
840 1942 942 1997 sammt
956 1939 1061 1997 seinem
1076 1937 1302 2004 Basilislren-Ei.

176 2019 243 2078 Ulm
264 2015 356 2087 1697.
378 2016 409 2081 8.
435 2026 583 2096 (Ulmensis
611 2027 710 2080 medici
729 2027 820 2096 opus.)

352 2207 398 2273 e·
449 2191 641 2276 Morbi
664 2197 721 2278 et
746 2190 1084 2275 curationes.

130 2323 233 2389 Franc.
244 2326 263 2383 J
270 2327 326 2386 oel
347 2329 384 2387 de
400 2330 503 2388 morbis
520 2330 729 2409 hyperphysicis
743 2338 773 2389 et
782 2331 866 2388 rebus
876 2329 999 2406 magicis.
1019 2327 1157 2392 Rostoch.
1170 2324 1262 2394 1580.
1272 2325 1302 2395 8.

177 2406 245 2471 (Gir.
260 2407 370 2463 Heuber
387 2411 503 2468 biblioth.
522 2429 590 2482 mag.
608 2411 644 2468 X.
661 2411 712 2466 683
729 2412 783 2480 sq.)

132 2475 240 2543 Antan.
262 2480 428 2560 Deusing
449 2485 566 2561 disquis.
593 2484 665 2547 med.
685 2486 722 2543 dc
737 2483 1092 2559 morborum'quoruudam
1110 2483 1304 2561 superstitiosa

177 2565 286 2641 origine
310 2573 362 2626 etc.
408 2570 545 2645 Groning.
569 2565 660 2628 1656.
675 2564 705 2627 4.
723 2602 771 2614 -
784 2567 871 2627 Redit
887 2571 918 2627 in
938 2567 1037 2644 Ejusd.
1062 2568 1156 2632 fascic.
1180 2569 1303 2627 disserti.

177 2649 271 2715 select.
294 2652 360 2716 ibid.
388 2649 480 2714 1660.
504 2651 569 2727 12.;
590 2656 627 2713 ib.
652 2650 744 2716 1664.
768 2649 818 2715 12.

133 2733 336 2879 (ἱεῖὸὸὶέώίς.
363 2738 493 2798 Wedel
518 2741 602 2820 (resp.
627 2738 661 2798 F.
683 2737 846 2818 Kiseberg)
868 2738 905 2796 dc
929 2736 1032 2797 morbis
1054 2755 1072 2796 a
1092 2736 1208 2797 fascino.
1237 2736 1303 2797 Jen.

132 2901 282 2963 Eberhard
306 2907 466 2966 Goeckel
487 2908 600 2968 Bericht
619 2928 678 2967 von
694 2909 758 2968 dem
776 2907 952 2985 Beschreyen
973 2907 1032 2965 und
1052 2907 1217 2967 Bezaubem
1233 2908 1305 2968 auch

177 2989 269 3048 denen
291 2992 393 3049 daraus
417 2995 620 3053 entstnndenen
646 2993 847 3053 Krunhheiten.
868 2991 966 3071 Leipz.
979 2987 1070 3052 1699.
1085 2987 1114 3050 8.
1126 2994 1205 3052 —E
1210 2994 1303 3071 jusd.
1422 3064 1425 3072 ,

176 3079 312 3134 tractatus
336 3077 550 3156 polyhistoricus
570 3080 694 3155 magicus
708 3080 830 3138 medicus
848 3079 980 3136 curiosus.
1024 3078 1155 3137 Francos.
1171 3075 1262 3140 1717.
1273 3073 1303 3137 8.

132 3158 176 3218 M.
200 3157 238 3220 D.
264 3161 302 3220 H.
324 3160 358 3220 L.
380 3163 499 3223 Tractat
522 3184 579 3223 von
599 3165 808 3241 magnetischen
835 3165 895 3223 und
922 3162 1176 3241 sympathetischen
1201 3166 1304 3226 Curen.

176 3243 292 3309 Fraukt'.
316 3243 407 3308 1701.
430 3245 460 3309 8.

134 3327 243 3390 Girnth.
269 3331 372 3411 Chph.
396 3333 666 3393 Schelhammer
701 3331 789 3413 (resp.
816 3333 850 3394 C.
873 3330 914 3392 M.
939 3330 1096 3408 Burchard)
1133 3332 1171 3389 de
1200 3331 1306 3390 morbis

176 3416 299 3490 magicis.
342 3416 437 3482 Kilon.
464 3413 555 3481 1704.
580 3414 610 3477 4.

133 3495 228 3558 Adam
248 3502 408 3561 Brendel
433 3505 504 3582 disp.
532 3504 568 3561 de
590 3502 733 3561 curatione
754 3501 915 3564 moeborum
939 3519 992 3579 per
1016 3499 1137 3559 carmina
1157 3504 1187 3558 et
1207 3504 1305 3558 cantus

176 3586 305 3644 musicos.
348 3586 443 3648 Viteh.
466 3583 559 3650 1706.
582 3581 612 3650 4.

132 3666 159 3732 J.
183 3668 215 3732 C.
237 3671 426 3749 Westphal
451 3673 615 3751 pathologia
636 3670 824 3734 daemoniaca.
867 3667 945 3748 Lips.
968 3663 1061 3731 1707.
1088 3663 1119 3732 4.

133 3753 208 3815 Gen.
231 3755 297 3815 Chr.
319 3754 394 3820 Lud.
417 3758 560 3817 Welsch
587 3758 624 3816 dc
644 3757 838 3835 superstitiosa
866 3754 1027 3814 morborum
1055 3773 1120 3813 cura
1147 3752 1305 3812 Christiano

176 3844 264 3915 atque
289 3842 451 3918 dogmatico
473 3843 582 3900 medico
602 3842 728 3916 indigna.
771 3841 849 3921 Lips.
873 3835 964 3904 1710.
986 3836 1015 3899 4.

131 3920 336 4071 Jojplsshgenp.
364 3927 454 3987 Pohl
475 3929 563 4008 (resp.
588 3926 634 3989 Jo.
652 3926 713 3984 Gir.
726 3927 829 4006 Janke)
854 3927 892 3984 de
912 3926 1022 3984 medico
1040 3923 1185 3984 exorcista.
1227 3922 1306 4003 Lips.

131 4109 221 4176 Marc.
243 4110 310 4172 Ant.
336 4110 530 4174 Allemund
550 4113 657 4173 notioes
680 4132 729 4171 sur
749 4110 885 4187 quelques
905 4111 1102 4190 superstitione
1127 4113 1156 4168 et
1182 4108 1307 4167 ceremo-

176 4198 238 4257 nies
257 4217 292 4258 en
308 4218 397 4276 usage
414 4199 482 4258 chez
499 4198 541 4258 les
552 4200 663 4258 anciens
675 4199 746 4256 dans
758 4196 822 4256 l'art
837 4197 874 4255 de
884 4197 987 4273 guerit.
1012 4194 1150 4254 lllarseille
1167 4188 1258 4252 1820.
1276 4189 1305 4253 8.

133 4279 229 4359 (Jncq.
262 4283 337 4361 Aug.
372 4285 439 4348 Sim.
466 4283 590 4344 Collin
615 4285 652 4343 de
676 4282 791 4359 Plancy)
822 4281 962 4340 Histoires
989 4281 1040 4340 des
1071 4277 1306 4337 convulsionaires

175 4368 216 4426 du
249 4363 299 4429 18.
329 4369 412 4428 siecle
442 4375 471 4427 et
500 4371 551 4429 des
582 4367 708 4428 miracles
736 4367 776 4425 du
801 4366 895 4425 diacre
920 4365 1007 4430 Paris.
1057 4363 1137 4423 Puris
1159 4356 1250 4422 1821.
1275 4355 1305 4428 8.

175 4447 280 4519 (Etiam
291 4449 317 4503 in
335 4451 523 4506 dictionnuirc
540 4453 584 4506 des
601 4452 715 4520 reliques
731 4455 757 4504 et
775 4450 897 4519 irnugcs.)
