2874 4974
645 288 790 352 Bolanice.
1246 287 1308 357 137

131 441 200 507 Chr.
222 438 383 500 Hofmun
408 439 480 499 ficus
501 439 586 500 arbor
606 441 775 520 philologice
796 442 982 502 considerata.
1023 442 1086 502 Jeu.
1103 438 1194 506 1670.
1206 443 1237 505 4.

131 527 206 586 Geo.
228 526 338 602 Wolfg.
358 525 490 584 Wedel
512 527 549 585 de
570 528 672 585 mensis
694 528 788 591 citriis.
830 527 893 586 Jen.
924 522 1060 592 17084.
1083 528 1226 590 Remmia
1239 532 1307 594 We-

175 611 224 670 del
241 630 333 670 exerc.
354 611 429 668 med.
448 609 544 688 philol.
567 611 650 675 Ceut.
675 612 708 669 ll.

131 695 208 755 Geo.
230 695 318 774 casp.
343 694 575 754 Kirchmaier
607 699 645 754 de
674 696 783 756 tribulis
809 697 984 774 potissimum
1010 699 1147 773 aquaticis
1171 719 1188 758 a
1209 701 1307 762 Theo-

174 781 305 860 phrasto,
332 779 500 840 Dioscoride
525 786 554 839 et
576 781 665 840 Plinio
687 783 777 840 dictis.
803 781 896 846 Viteb.
920 778 1010 841 1602.
1033 779 1062 851 4.

129 865 178 930 Jo.
197 865 361 925 Francke
381 865 469 923 herba
493 865 604 942 alleluja
625 867 754 925 botanice
780 867 973 944 considerata,
1003 886 1037 926 ex
1057 873 1183 928 veterum
1204 888 1238 930 ac
1261 889 1307 930 re·

174 950 330 1011 centiorum
355 951 484 1013 decretis.
528 947 707 1012 01001709.
732 947 782 1013 12.

129 1069 176 1081 -
202 1037 393 1094 -devera
414 1036 593 1111 antiquorum
615 1037 774 1111 acetosella,
810 1036 993 1113 ejusdemque
1013 1037 1116 1098 virtute
1145 1044 1243 1098 contra
1264 1039 1307 1098 ie-

175 1121 243 1180 bres
264 1120 412 1197 malignas,
434 1120 602 1198 petechiales
625 1127 654 1180 et
678 1128 784 1200 pestem
807 1122 907 1199 ipsam.
928 1120 1004 1199 Aug,
1027 1123 1138 1187 Vindel.
1152 1117 1242 1184 1717.
1255 1120 1306 1186 12.

130 1206 179 1266 Jo.
202 1206 264 1270 Jac.
285 1205 428 1265 Cbiflet
449 1205 535 1264 lilium
563 1206 730 1265 Francicnm
751 1207 868 1266 veritate
895 1207 1037 1281 historica,
1059 1208 1191 1266 botanica
1212 1216 1241 1268 et
1256 1209 1307 1269 he-

175 1290 284 1350 raldim
306 1290 482 1350 illustratum.
507 1288 650 1370 Antwerp.
674 1287 765 1356 1658.
789 1291 809 1350 f.
837 1295 909 1364 (Viri
927 1297 1032 1350 medice
1049 1303 1078 1350 et
1095 1297 1227 1352 historica
1247 1306 1308 1353 arte

176 1371 301 1426 instructi
318 1373 405 1442 opus.)

134 1443 235 1525 (blich.
262 1445 340 1504 Frid.
365 1443 549 1524 Lochner)
572 1449 855 1526 Μηκωνοπαιγνιον
879 1445 939 1503 0100
959 1465 1084 1524 papaver
1105 1465 1138 1504 ex
1159 1448 1236 1506 omni
1256 1467 1308 1507 an·

178 1531 313 1606 tiquitate
340 1536 460 1606 erutum,
486 1532 612 1608 gemmis,
633 1532 761 1604 nummis,
791 1530 889 1588 statuis
912 1535 941 1588 et
969 1532 1150 1590 marmoribus
1180 1535 1237 1591 aeri
1265 1533 1309 1592 in·

178 1616 244 1676 cisis
258 1615 434 1679 illustratum.
456 1615 636 1692 Norimberg.
650 1612 740 1677 1713.
755 1611 802 1687 4.;
823 1616 860 1674 ib.
873 1609 964 1675 1710.
978 1612 1008 1674 4.
1031 1622 1112 1689 (Cum
1126 1622 1216 1674 multis
1227 1623 1307 1692 ligg.)

134 1732 180 1744 —
201 1734 245 1745 -
266 1699 384 1760 Nerium
405 1721 457 1761 seu
477 1701 682 1780 rhododapbne
702 1708 829 1760 veterum
847 1706 875 1759 et
901 1701 1102 1778 recentiorum,
1128 1721 1185 1778 quo
1210 1700 1309 1780 Amyci

178 1785 284 1860 laurus,
306 1787 469 1845 saccharum
490 1787 645 1863 alhasehar,
670 1787 767 1863 planta
782 1785 932 1844 badsamur
953 1791 982 1844 et
1010 1787 1123 1865 daphne
1145 1788 1309 1847 Constanti-

179 1871 265 1931 niana
292 1870 472 1949 explicantur.
507 1870 636 1930 Norimb.
664 1866 755 1931 1716.
780 1867 811 1932 4.
841 1904 881 1915 -
909 1870 996 1929 Redit
1016 1875 1047 1930 in
1067 1872 1166 1948 Ejusd.
1197 1874 1309 1952 Heptas

180 1956 306 2017 disserit.
332 1957 430 2014 variar.
457 1957 494 2014 ad
515 1956 658 2014 historiam
686 1956 841 2014 naturalem
866 1955 1058 2016 illustrandam
1081 1958 1308 2039 conscriptarum.

179 2039 311 2102 Norimb.
328 2034 421 2101 1717.
436 2035 466 2100 4.
487 2040 575 2099 Antea
596 2045 626 2099 ta
647 2040 765 2120 Ephem.
792 2039 860 2098 Nat.
883 2040 993 2104 Curios.

134 2124 183 2184 Jo.
200 2125 286 2189 Gerb.
302 2125 458 2202 Wagner
476 2126 571 2185 laurus
585 2145 619 2186 ex
631 2126 705 2184 omni
717 2126 883 2201 antiquitate
892 2133 978 2185 eruta.
1003 2126 1162 2190 Helmstad.
1175 2121 1266 2188 1732.
1277 2122 1309 2190 8.

181 2207 331 2277 (specimen
349 2207 465 2260 arboreti
482 2207 562 2272 sacri,
581 2207 651 2277 quod
668 2223 798 2277 nunquam
819 2206 937 2276 prodiit.)

134 2278 183 2338 Jo.
206 2280 278 2338 Geo.
303 2278 338 2340 F.
363 2280 480 2338 Franz
502 2281 568 2344 diss.
594 2282 688 2356 inaug.
716 2282 753 2338 de
780 2298 919 2358 asparago
950 2280 1114 2358 exscriptis
1138 2282 1309 2341 medicorum

179 2372 316 2425 veterum.
359 2364 437 2443 Llps.
455 2360 547 2427 1778.
558 2362 588 2424 4.
615 2369 789 2440 (Disquisitio
808 2369 915 2421 erudita
930 2375 958 2421 et
969 2369 1115 2438 diligenter
1129 2370 1309 2440 conscripta.)
1347 2432 1351 2438 Ι

135 2447 240 2510 Fraus.
269 2449 432 2508 Meinard
448 2451 485 2508 de
505 2452 580 2508 visco
598 2450 769 2508 Druidarum
790 2450 939 2514 orationes.
962 2448 1066 2509 Pictav.
1082 2445 1173 2514 1614.
1184 2447 1213 2511 8.
1237 2457 1309 2524 (Cir.

182 2532 375 2586 zuccariei
389 2531 416 2584 in
435 2533 619 2603 Regembarg.
638 2534 725 2584 dotum
743 2533 831 2602 Zeitg.
848 2530 924 2596 1833,
939 2532 1020 2584 Buod
1039 2532 1241 2603 1,S.145fg.‚
1265 2533 1312 2604 qui

181 2601 262 2723 ppcep
285 2600 494 2740 {pneum4aybum
511 2617 578 2667 esse,
596 2618 647 2654 nou
663 2601 825 2655 Lorantbum
841 2590 1016 2671 Europeeum,
1034 2601 1070 2655 ad
1087 2600 1154 2656 Plin.
1171 2601 1189 2657 l.
1215 2601 1261 2671 16,
1280 2621 1304 2656 0.

223 2688 232 2734 ;
261 2709 268 2723 .
321 2687 371 2734 ,0.
411 2711 418 2724 .

136 2742 184 2801 Jo.
205 2741 299 2803 Nicol.
321 2742 506 2802 Funccius
530 2743 566 2801 de
586 2743 665 2802 10000
688 2741 812 2821 Apollini
833 2761 921 2805 sacra.
955 2741 1093 2818 Marburg
1108 2736 1201 2804 1752.
1215 2737 1245 2803 4.

139 2826 213 2890 Geo.
233 2827 387 2887 Kirsten
416 2847 506 2888 exerc.
522 2828 616 2905 philol.
633 2830 670 2887 de
686 2829 882 2905 colocynthide
897 2833 925 2886 et
939 2848 1033 2886 cocco.
1056 2830 1161 2887 Stettin
1178 2824 1268 2893 1651.
1279 2825 1309 2889 4.

137 2911 184 2970 Jo.
196 2913 272 2975 Rnd.
285 2914 431 2972 Cramer
448 2920 478 2971 ct
488 2912 532 2974 Jo.
541 2913 577 2973 R.
591 2914 691 2972 Rahn
703 2915 775 2992 disp.
788 2913 882 2991 philol.
897 2914 933 2971 de
945 2921 1045 2990 myrto.
1067 2915 1167 2990 Tiguri
1182 2909 1311 2976 17314.

139 2998 256 3074 Sigism.
280 2998 314 3056 F.
337 2998 470 3074 Dresig
492 2995 578 3076 (resp.
601 2996 670 3056 Adr.
693 2999 814 3058 Deodat.
838 2999 954 3075 Steger)
980 3000 1046 3056 diss.
1070 3001 1107 3060 de
1119 3001 1208 3058 cicuta
1222 2998 1312 3059 Athe-

182 3083 319 3143 niensium
331 3103 423 3164 poeua
433 3083 553 3164 publica.
567 3082 645 3164 Lips.
659 3079 751 3147 1734.
762 3078 792 3147 4.
805 3082 893 3164 (Dias.
905 3089 1066 3142 eruditionis
1077 3090 1159 3161 plena
1174 3090 1208 3147 38
1214 3091 1311 3163 pagg.)

448 3249 469 3286 0.
509 3235 710 3292 Botmretee
725 3236 1006 3295 resedissem.

139 3339 253 3403 Herrm.
277 3338 436 3400 Eberhard.
461 3340 611 3400 Richter
631 3343 720 3399 codex
745 3341 891 3401 botanicns
911 3341 1100 3415 Linnaeanus,
1126 3346 1233 3400 textum
1242 3339 1313 3401 Liu-

183 3444 323 3485 naeanum
344 3427 484 3501 integrum
499 3445 533 3485 ex
551 3426 678 3484 omnibus
699 3428 867 3503 systematis,
891 3446 1033 3503 generum,
1056 3428 1211 3506 specierum
1233 3425 1313 3506 plan-

183 3516 277 3569 tarum
304 3511 485 3586 editionibus,
513 3512 667 3588 mantissis,
695 3512 908 3586 additamentis,
940 3512 1130 3589 selectumque
1153 3531 1188 3570 ex
1213 3513 1313 3572 ceteris

185 3594 247 3671 ejus
267 3595 406 3654 botanicis
426 3595 502 3654 libris
527 3598 678 3672 digestum,
701 3596 840 3669 collatum,
867 3603 1050 3675 contractum,
1072 3618 1133 3657 cum
1151 3597 1234 3677 plena
1252 3600 1313 3658 edi-

185 3681 295 3739 tionum
316 3681 504 3759 discrepantia
524 3682 665 3741 exhibens.
688 3680 764 3762 [Car.
787 3680 904 3741 Linuaei
932 3692 1070 3763 systema,
1097 3703 1216 3760 genera,
1248 3704 1314 3763 spe-

184 3766 249 3824 cies.
271 3765 430 3843 plantarum
458 3786 514 3824 uno
542 3766 699 3840 volumiue3
732 3767 818 3826 editio
846 3768 955 3839 critica,
985 3769 1133 3846 adstricta,
1165 3769 1313 3852 conferta]

185 3847 300 3928 Lipsiae
323 3845 415 3909 1840.
436 3850 466 3909 4.
490 3848 604 3909 Praeter
623 3853 737 3910 indicem
759 3853 839 3911 habet
859 3849 900 3912 32
912 3849 1030 3912 011102
1038 3874 1126 3932 pagg.
1145 3869 1215 3935 (sub
1231 3870 1314 3924 nomi.

187 3931 264 3985 uibus
287 3931 432 4000 plantarum
458 3932 586 4000 genericis
611 3938 639 3986 et
662 3933 793 4002 specificis
818 3933 911 3987 critice
934 3935 1043 3988 collecta
1067 3945 1128 3990 suut
1149 3939 1181 3995 la.
1198 3941 1280 3994 verba
1298 3958 1315 3993 e

188 4000 308 4070 genuinis
328 4000 487 4054 editionibus
505 4002 663 4070 systematis,
682 4020 803 4072 generum
817 4009 844 4056 et
856 4003 1000 4074 specierum
1017 4005 1064 4075 pl.,
1081 4024 1131 4060 nec
1148 4025 1199 4062 non
1218 4027 1233 4061 0
1251 4009 1313 4061 reli-

188 4069 248 4152 quis
266 4070 324 4138 ejus
342 4088 406 4141 opp.
426 4076 456 4122 nt
469 4070 570 4136 Hortis,
589 4070 684 4136 Floris,
702 4071 819 4125 Itinerib.
838 4072 884 4138 οΙ.,
903 4073 941 4126 ita
959 4083 989 4127 ut
1005 4074 1108 4145 integer
1126 4082 1154 4129 et
1170 4076 1230 4129 talis
1266 4093 1314 4128 ua·

187 4138 221 4191 hs
238 4137 320 4191 fuerit
337 4139 369 4192 1..
390 4141 417 4192 in
435 4139 564 4193 botanicis
583 4140 735 4193 exhibeatur
752 4141 845 4194 lectori
864 4142 987 4196 historico
1012 4145 1054 4198 vel
1079 4145 1211 4200 botanico.
1247 4094 1314 4197 100-

189 4207 334 4276 legomena,
353 4216 433 4261 notas
450 4217 477 4261 et
495 4209 651 4277 appendices
669 4209 743 4264 varia
760 4211 884 4265 exhibent
900 4213 933 4265 ad
947 4213 1110 4268 literaturam
1123 4213 1314 4280 Linnaeanam3

187 4276 301 4330 iudicem
319 4295 408 4331 curav.
426 4277 608 4345 Petermann.)

144 4349 357 4427 Egenbiindiga
377 4350 588 4427 Anteclrningar
612 4352 646 4409 as
662 4351 728 4409 Carl
755 4352 940 4414 Linnaens
965 4374 1010 4414 om
1035 4355 1080 4430 sig
1100 4352 1156 4411 seli
1173 4353 1237 4412 med
1256 4352 1315 4413 An-

188 4435 369 4514 merlmingar
394 4437 446 4496 och
469 4436 595 4514 Till'agg.
618 4436 726 4517 Upsala
747 4433 839 4501 1823.
859 4439 889 4501 4.
915 4436 979 4500 Com
1006 4443 1140 4499 stemmate
1165 4437 1202 4500 L.
1223 4446 1249 4500 et
1268 4459 1316 4499 sex
