2874 4974
583 317 722 380 ueniens
745 317 854 385 isirin.
1079 294 1088 307 '
1238 310 1301 378 109

130 469 179 535 1ο.
212 467 469 548 Pontoppidan
490 471 574 550 (resp.
600 473 708 532 Erasm.
729 469 922 548 Lindegaard)
943 469 1009 534 diss.
1032 469 1069 529 de
1089 488 1192 530 manna
1207 469 1299 530 11ωὲ-

176 555 294 614 litorum.
320 554 388 613 Pars
412 555 435 615 l.
456 557 584 615 Havniae
608 552 701 620 1756.
724 553 754 620 4.

130 640 178 699 1ο.
200 640 268 698 Em.
295 640 403 699 Fabri
425 641 539 698 historia
557 662 675 702 mannae
691 643 762 701 inter
779 642 906 700 Ebraeos
926 641 1013 700 sectio
1024 640 1045 698 l.
1066 640 1194 719 Gotting.
1207 635 1299 703 1770.

177 721 225 796 4.;
247 731 313 788 sect.
337 725 372 783 ll.
403 724 465 784 Jen.
490 721 581 787 1773.
605 723 635 785 4.
660 761 701 773 -
721 728 808 786 Redit
833 729 864 784 in
891 726 994 784 Reislre
1020 732 1050 784 et
1075 725 1161 784 Fabri
1187 745 1299 805 opuscc.

177 811 271 872 medd.
298 829 332 869 ex
360 812 536 869 monimentis
565 809 704 889 Arabum,
736 814 780 871 ed.
816 810 884 875 Chr.
916 811 1037 874 Godofr.
1066 812 1187 873 Gruner.
1232 811 1299 870 Hal.

178 890 270 958 1776.
296 890 326 955 8.
349 914 416 973 pag.
438 892 487 955 sl.
509 916 553 972 sq.
577 902 630 969 (11
650 905 667 956 e
688 902 760 955 Mos.
784 901 839 969 16.)

124 979 181 1042 ·1ο.
206 980 290 1058 Casp.
318 977 435 1038 Faber
471 979 559 1060 (resp.
581 984 658 1046 Sam.
686 980 753 1058 Axt)
786 983 823 1040 de
845 981 958 1040 locustis
979 979 1085 1039 biblicis
1107 985 1136 1039 et
1159 980 1299 1057 sigillatim

179 1067 216 1124 de
242 1067 340 1125 avibus
373 1066 604 1144 quadrupedibus
633 1086 667 1126 ex
695 1067 788 1129 Levit.
816 1087 839 1129 c.
870 1062 920 1142 ll,
941 1085 968 1129 v.
990 1061 1033 1124 20
1054 1098 1096 1109 -
1117 1060 1171 1129 22.
1208 1065 1298 1129 Viteb.

178 1144 270 1209 1110.
296 1144 388 1208 1711.
409 1145 440 1210 4.
466 1154 635 1228 (Adamas.
652 1159 694 1224 11,
706 1156 845 1225 v.20sq.)
1142 1165 1145 1171 “

132 1233 169 1292 Ε.
192 1231 228 1296 Α.
252 1237 301 1293 Be
307 1253 369 1311 yet
394 1235 511 1314 epistola
533 1238 569 1295 dc
591 1237 850 1296 haemorrhoidibus
876 1253 910 1293 ex
937 1234 1001 1310 lege
1032 1233 1156 1293 Mosaica
1186 1234 1300 1312 impuris

178 1321 217 1377 ad
240 1318 323 1378 Levit
348 1318 410 1378 XV.
452 1320 531 1400 Lips.
554 1316 645 1381 1792.
673 1317 704 1384 4.
738 1323 889 1394 (Theologi
913 1323 1136 1393 auctoris'opus,
1165 1324 1301 1393 profluvia

180 1399 307 1453 immunda
325 1417 367 1469 ap.
385 1400 402 1454 3
420 1399 487 1459 Mos.
507 1403 549 1459 15.
567 1421 619 1455 non
636 1403 814 1472 gonorrhoeas
833 1420 899 1466 esse,
917 1402 964 1453 sed
981 1400 1213 1468 haemorrhoides.)

133 1471 522 1625 thsrfflffioplbipssfiqup.)
553 1477 619 1534 diss.
648 1477 685 1535 de
711 1482 841 1556 serpente
870 1493 967 1535 aeneo.
1006 1471 1084 1552 Lips.
1118 1469 1210 1535 1686.
1247 1477 1301 1545 (Aa

130 1626 172 1687 Η.
195 1628 357 1686 Scarban
376 1629 445 1692 diss.
469 1631 505 1688 de
530 1630 666 1708 serpentis
693 1630 772 1690 aenei
799 1628 1004 1706 significatione
1027 1625 1152 1705 mystica.
1195 1625 1300 1691 Lubeo.

176 1703 268 1775 1714.
296 1717 368 1783 (err.
393 1735 457 1788 pag.
481 1719 541 1788 as.)

130 1795 243 1857 Friedr.
267 1794 331 1856 Alb.
353 1795 421 1859 Ant.
449 1799 570 1877 Meyer
600 1798 725 1858 Versuch
752 1799 822 1857 iiber
854 1799 905 1857 das
933 1795 1098 1872 vierfiissige
1132 1796 1302 1872 Siugethier

176 1881 267 1940 Rdem
294 1884 346 1940 der
380 1884 500 1960 heiligen
529 1883 651 1960 Schrist,
686 1884 726 1943 als
753 1886 869 1960 Beitrag
894 1903 944 1941 zur
971 1879 1223 1958 Naturgeschichte
1251 1883 1301 1941 des

177 1965 328 2027 Einhorns.
386 1967 506 2047 Leipzig
537 1963 628 2031 1796.
654 1965 683 2031 8.
710 2003 752 2012 -
774 1968 860 2027 Redit
880 1971 911 2027 io
931 1967 1031 2043 Ejusd.
1056 1966 1168 2043 zoolog.
1190 1963 1301 2027 Archiv.

119 2047 130 2084 '·
180 2046 457 2116 (saturnias.
476 2049 707 2117 2251121113,
726 2068 752 2105 v.
771 2050 827 2112 11.)

130 2119 179 2179 1ο.
205 2119 272 2182 Chr.
296 2121 664 2182 Wichmaunshausen
698 2124 783 2203 (resp.
810 2123 926 2197 Cobius)
958 2121 1024 2181 diss.
1051 2122 1088 2179 de
1113 2121 1216 2181 Assera
1241 2140 1302 2182 me-

175 2203 352 2268 tallifossore.
395 2207 488 2273 Viteb.
512 2202 605 2270 1722.
627 2202 657 2270 4.
679 2212 736 2282 (Ad
763 2215 779 2268 5
804 2213 876 2269 Mos.
898 2211 942 2278 33,
960 2228 988 2263 v.
1010 2211 1070 2278 25.)

463 2446 529 2502 co.
569 2429 709 2501 liebri
731 2425 973 2500 samuelis.

133 2583 221 2642 Conr.
242 2583 261 2641 J
268 2583 440 2643 obrenins
460 2585 544 2664 (resp.
566 2586 638 2646 Gen.
662 2584 875 2663 Knppermann)
912 2584 949 2641 de
974 2580 1185 2642 Philistaeorum
1207 2579 1300 2659 plaga.

175 2668 264 2728 Jenae
286 2663 377 2732 1713.
399 2664 428 2728 4.
456 2670 589 2729 Francos.
610 2672 647 2728 ad
669 2671 766 2731 Viadr.
795 2664 885 2729 1715.
907 2665 937 2726 4.
964 2672 1044 2739 (Adl
1059 2670 1177 2724 Samuel.
1188 2671 1213 2734 5,
1225 2670 1300 2736 ab.)

127 2753 207 2831 Gen.
230 2753 337 2831 Wolsg.
365 2754 492 2814 Wedel
523 2757 560 2814 de
586 2755 689 2813 morbis
720 2755 765 2813 ani
791 2753 1009 2816 Philistaeorum.
1063 2751 1125 2810 Jen.
1149 2745 1240 2811 1720.
1271 2747 1301 2813 4.

132 2838 221 2916 Casp.
241 2836 425 2896 Loescher
446 2841 511 2903 diss.
533 2841 570 2898 de
596 2839 682 2899 Saulo
704 2858 755 2919 per
779 2839 912 2897 musicam
939 2843 1046 2896 curato.
1088 2834 1183 2896 Viteb.
1209 2829 1301 2895 1688.

131 2918 490 3068 GehAdlllollgmullelclell
518 2993 585 3055 diss.
615 2993 651 3051 de
672 2993 758 3050 Saule
782 3011 980 3067 energumeno.
1023 2990 1086 3048 Jen.
1097 2983 1190 3048 1685.
1210 2984 1241 3051 4.
1259 3021 1304 3034 -

175 3075 272 3134 Recio.
289 3080 319 3134 io
344 3077 443 3137 Wedel
470 3079 582 3136 exercit.
608 3079 683 3137 med.
704 3077 799 3156 philol.
823 3082 896 3136 cent.
926 3076 950 3139 l.
973 3070 1083 3140 111112.
1109 3094 1136 3137 u.
1165 3068 1216 3137 19.
1250 3075 1303 3150 (Ad

178 3159 194 3210 1
213 3158 326 3215 Samuel.
345 3157 399 3226 19.)

130 3277 177 3291 -
198 3280 241 3292 —
263 3248 299 3305 de
318 3247 416 3306 morbo
441 3245 566 3311 Nabalis.
594 3246 656 3309 Jen.
683 3242 774 3306 1696.
801 3242 831 3307 4.
856 3280 899 3289 -
921 3245 1016 3303 Reuss.
1041 3248 1071 3303 io
1091 3243 1192 3302 Wedel
1214 3263 1302 3308 exerc.

177 3333 252 3394 med.
274 3331 370 3411 philol.
393 3331 475 3396 Cent.
498 3332 519 3395 l.
546 3335 606 3391 dec.
629 3329 658 3390 9.
686 3353 714 3391 11.
740 3327 769 3388 2.
825 3335 882 3403 (Ad
903 3334 1110 3396 lSamuel.25;
1133 3332 1302 3402 apoplexia.)

130 3463 177 3477 -
203 3464 244 3476 -
270 3433 308 3490 de
330 3433 444 3492 vulnere
466 3435 496 3491 in
522 3435 619 3510 quinta
634 3439 720 3490 costa.
763 3432 825 3490 Jen.
847 3427 940 3494 1685.
956 3427 984 3495 4.
1007 3465 1050 3474 --
1070 3430 1166 3493 Recns.
1186 3432 1217 3486 in
1235 3429 1302 3489 We-

176 3515 225 3574 del
249 3536 338 3579 exere.
360 3521 435 3579 med.
456 3519 553 3598 philol.
576 3518 668 3577 Ceut.
683 3516 705 3580 l,
732 3518 792 3576 dec.
817 3510 848 3577 2.
870 3536 899 3577 u.
922 3512 973 3579 18.
1011 3519 1106 3588 (uda
1135 3519 1253 3573 Samuel.
1274 3521 1301 3589 2,
1426 3526 1431 3533 ’

176 3613 203 3655 v.
221 3595 269 3663 233
286 3597 313 3664 3,
331 3617 356 3652 v.
374 3599 428 3666 21.)

491 3768 562 3841 dd·
605 3769 745 3843 Libri
770 3784 942 3858 renum.

130 3922 228 4002 Chph.
253 3924 442 4003 Clewberg
464 3932 548 4003 (resp.
570 3927 658 3987 Henr.
682 3928 757 3986 Guil.
781 3927 866 4004 Pose)
888 3929 925 3985 de
945 3927 1046 3985 arbore
1070 3925 1123 3984 sub
1149 3944 1205 4002 qua
1226 3927 1302 3985 Elias

175 4011 315 4089 profugus
335 4013 496 4071 recubuisse
520 4010 621 4088 legitur
655 4007 767 4088 lReg.
791 4008 840 4074 19.
868 4031 896 4071 v.
917 4008 947 4070 4.
969 4008 1000 4071 5.
1053 4011 1152 4089 Upsal.
1169 4005 1260 4070 1758.
1271 4009 1302 4071 4.

129 4108 235 4170 Daniel
263 4109 382 4188 Roget
409 4113 527 4172 lectures
557 4132 593 4170 on
621 4113 669 4170 the
699 4112 805 4191 history
831 4115 866 4172 of
887 4112 1018 4173 Naaman
1045 4113 1093 4171 the
1121 4093 1232 4189 Syriam
1260 4110 1302 4168 his

125 4254 128 4260 ,
176 4195 288 4254 disease
308 4198 365 4256 and
385 4217 458 4262 cure.
515 4193 768 4261 1011116421.
806 4203 860 4271 (Ad
875 4205 892 4257 2
908 4205 979 4272 Reg.
994 4206 1027 4267 53
1060 4203 1127 4254 Luc.
1138 4203 1165 4268 4,
1193 4216 1222 4255 v.
1244 4199 1302 4268 27.)

129 4293 218 4357 Mich.
245 4295 364 4356 Julius
389 4299 501 4358 Hiskias
525 4298 664 4376 pestilenti
687 4299 776 4360 ulcere
802 4301 980 4375 decumbens,
1002 4300 1054 4357 das
1074 4299 1127 4369 ist,
1153 4298 1204 4355 das
1225 4297 1303 4356 16111-

174 4380 247 4439 liche
269 4378 364 4459 Lager
383 4386 432 4443 des
462 4385 572 4461 Kiiuigs
594 4383 715 4448 Hiskias.
759 4384 856 4444 Erfurt
879 4381 970 4444 1599.
992 4382 1023 4445 4.
1047 4387 1139 4456 (11112
1163 4387 1233 4456 Reg.
1258 4389 1302 4457 20,

176 4479 204 4519 v.
222 4461 254 4527 73
271 4461 435 4530 1611116838,
454 4484 482 4524 v.
498 4465 557 4533 21.)
