2874 4974
559 298 680 362 Scholae
700 304 730 361 et
755 300 871 382 oppida.
1204 309 1209 318 “
1257 292 1303 361 80

550 450 613 509 15.
647 451 879 527 altorflwm.

128 557 179 622 Jo.
200 557 261 621 Jac.
282 555 393 616 Baier
412 529 596 636 biographiae
616 560 807 638 professorum
832 555 1002 631 medicinae,
1032 557 1081 635 qui
1105 556 1134 617 in
1159 555 1326 621 academia.

173 639 315 702 Altorfina
337 660 460 718 unquam
480 643 618 705 vixerunt.
642 643 821 720 Singulorum
844 660 909 701 aere
935 644 1072 721 expressis
1097 641 1223 702 iconibus
1249 642 1303 702 ad·

175 728 251 792 dios.
284 725 414 789 Norimb.
441 733 470 786 et
494 721 710 788 t1t0m1728.
735 723 766 787 4.
802 725 879 809 (Nic.
907 732 1061 800 Tauranus,
1089 731 1162 785 ruri.
1184 731 1301 799 seuero,

175 809 242 863 Em.
256 807 444 876 Sonencnsp.
454 809 594 876 Haimaun,
610 811 677 864 Gen.
692 807 827 876 Nocssler,
845 809 913 864 Lnd.
922 808 1104 878 Jungerrnauu,
1118 809 1205 864 Maur.
1220 808 1301 862 flon-

170 895 264 943 ruanu‚
282 877 366 947 cuph.
389 876 505 943 Nicolai,
521 878 565 935 1ο.
580 878 701 931 Pancrat
720 876 976 943 amensamens.
996 879 1145 946 Hoffmann,
1163 877 1206 933 Ju.
1229 878 1299 932 Lnd.

175 947 262 1017 Apin,
278 946 322 1002 Jo.
334 945 392 1001 Jac.
404 946 495 1012 Baiter,
517 948 598 1000 Laur.
619 947 735 1012 Baistor,
753 947 794 1000 Jo.
818 948 876 1002 Jac.
892 945 999 1012 Jantke,
1017 946 1059 1002 Jo.
1072 948 1155 1001 Haur.
1173 945 1302 1013 Schulm

177 1015 250 1069 vitae
267 1014 350 1068 insius
368 1023 506 1069 enarratae
523 1033 580 1069 cum
598 1015 718 1086 scriptor.
737 1016 944 1084 enumeratioue;
962 1015 1034 1072 ritae
1048 1018 1074 1073 J.
1086 1015 1124 1071 M.
1141 1015 1303 1083 Hoffmanui,

177 1083 268 1138 Buieri
285 1090 313 1136 et
330 1082 451 1137 Schulzci
470 1085 503 1137 ab
521 1085 561 1138 his
578 1084 641 1154 ipsis
659 1084 847 1155 conscriptae.)

132 1156 228 1237 cuph.
247 1156 321 1220 Dav.
344 1154 407 1221 Jac.
432 1157 536 1236 Spies
560 1158 707 1234 catalogus
729 1157 955 1218 dissertationum
984 1155 1188 1234 inauguralium
1213 1157 1304 1216 medi·

178 1261 274 1303 carum
305 1241 465 1300 academiae
499 1240 671 1313 Altorfinae3
704 1261 767 1302 cum
794 1243 951 1321 appendice
977 1243 1204 1302 dissertationum
1229 1243 1304 1302 eins-

178 1328 244 1385 dem
275 1327 434 1402 argumenti
463 1326 516 1386 sub
549 1327 690 1407 praesidio
723 1325 880 1386 habitarum
912 1327 948 1386 ab
977 1327 1197 1404 inaugurationis
1227 1346 1303 1388 anno

178 1406 263 1471 1623
287 1413 325 1469 ad
351 1411 422 1470 haec
449 1431 539 1488 usque
570 1417 700 1490 tempora
726 1412 916 1474 concinnatus.
959 1410 1062 1475 Alteri.
1093 1406 1186 1478 1707.
1207 1408 1239 1472 4.
1259 1446 1304 1460 --

178 1496 394 1578 Supplementa:
419 1494 548 1559 Nurimb.
571 1492 662 1561 1806.
685 1492 717 1556 4.

597 1646 664 1704 10.
701 1646 845 1706 cussa.

135 1767 205 1834 Em.
226 1765 301 1833 Lnd.
322 1768 399 1828 Guil.
423 1765 539 1830 Nebel
560 1790 655 1850 progr.
677 1772 869 1851 professorum
890 1768 939 1845 qui
970 1766 1135 1828 medicinam
1165 1769 1194 1830 in
1222 1769 1304 1839 acad.

179 1854 323 1914 Giesseusi
344 1855 501 1916 docueruut
521 1862 702 1939 conspectum
722 1856 833 1918 sistens.
876 1854 969 1917 Giess.
988 1847 1082 1916 1802.
1103 1849 1135 1914 4.

582 2022 646 2080 ld.
679 2024 862 2081 mimam.

135 2144 183 2207 Jo.
204 2142 280 2207 Dan.
301 2143 417 2223 Major
440 2145 558 2206 historia
577 2149 723 2206 anatomes
748 2145 917 2205 Kiloniensis
942 2144 1058 2226 primae,
1087 2163 1150 2204 cum
1175 2144 1306 2224 catalogo

180 2230 348 2308 scriptorum
376 2232 532 2291 successive
558 2233 587 2291 in
617 2237 762 2311 posterum
792 2231 829 2290 ab
858 2235 973 2290 auctore
1005 2231 1189 2293 edendorum.
1234 2231 1307 2291 Cum

180 2315 252 2391 sugg.
274 2313 370 2377 Kilon.
400 2312 493 2380 1606.
518 2318 537 2376 f.
570 2320 712 2389 (Continet
740 2319 860 2373 auctoris
885 2319 976 2373 studia
1003 2319 1153 2373 anatomica
1174 2326 1204 2374 et
1231 2322 1305 2376 obss.

180 2403 254 2453 snat
270 2395 331 2451 inde
348 2413 366 2451 a
382 2397 488 2451 condita
504 2397 639 2453 academia
655 2397 798 2450 Kiloniensi
815 2396 941 2467 incepta.)

136 2499 183 2515 -
204 2496 253 2514 -
272 2472 406 2528 matoria
424 2472 523 2530 initiati
545 2472 619 2530 horti
644 2471 752 2529 medici.
780 2463 997 2533 Kinn1669.
1016 2468 1037 2528 f.
1070 2470 1168 2541 (simul
1189 2473 1225 2528 de
1246 2475 1307 2530 aliis

182 2566 288 2622 qnoque
301 2550 384 2606 hortis
399 2552 506 2607 medicis
524 2567 612 2608 eorum
630 2556 794 2621 temporum.)

600 2689 665 2746 18.
700 2691 847 2748 Halae.

139 2811 217 2874 Lnd.
237 2810 335 2872 Herm.
358 2810 606 2874 Friedliander
627 2813 743 2872 historia
767 2812 872 2872 ordinis
897 2810 1068 2872 medicorum
1089 2811 1220 2872 Halensis
1241 2813 1309 2876 inda

181 2917 200 2957 a
220 2897 316 2976 primis
337 2898 398 2958 eius
419 2899 502 2957 initiis
528 2900 565 2958 ad
590 2917 695 2957 anuum
720 2917 810 2973 nsque
833 2895 997 2957 MDCCXL
1023 2897 1144 2956 breviter
1168 2899 1309 2979 descripta

182 2986 214 3042 et
245 2983 419 3041 documentis
451 2984 561 3060 aliquot
589 2989 682 3045 aucta.
741 2982 808 3046 Hal.
844 2977 936 3041 1840.
968 2980 999 3044 4.
1041 2980 1079 3057 (A
1108 2988 1218 3042 condita
1247 3006 1309 3042 sca-

182 3062 268 3116 demia
284 3080 351 3117 anuo
370 3063 438 3118 1694
454 3082 538 3133 nsque
555 3065 590 3117 ad
608 3081 700 3116 annum
719 3063 800 3128 1740,
827 3062 924 3117 additis
946 3062 1081 3116 duodecim
1097 3063 1216 3134 epistulis
1233 3065 1309 3122 urin

183 3129 360 3271 guppillpp'p.
370 3132 404 3187 ad
429 3132 504 3189 Frid.
527 3134 711 3188 Hoffmanuum
728 3145 756 3186 et
773 3132 889 3204 epistola
912 3132 946 3185 ud
970 3130 1037 3190 Fac.
1061 3134 1128 3190 med.
1147 3151 1205 3187 cum
1222 3135 1308 3204 ejusd.

140 3273 248 3348 Georg.
274 3273 348 3340 Dan.
370 3274 578 3334 Coachwitz
606 3273 708 3333 theatri
731 3273 878 3333 anatomici
895 3270 1054 3352 (Halensis)
1077 3274 1212 3336 natalitia.
1243 3275 1309 3335 Hal.

183 3352 278 3420 1718.
302 3353 333 3421 4.
359 3363 474 3432 (Auctor
493 3365 629 3417 theatrum
649 3363 827 3417 anatomicam
847 3363 967 3416 Halense
989 3362 1112 3414 condidit
1134 3362 1309 3432 aun01716.)

138 3440 211 3502 Karl
238 3442 335 3502 Heinr.
365 3444 509 3504 Dzondi
536 3445 623 3503 kurze
650 3444 817 3502 Gescirichte
849 3445 900 3500 des
930 3442 1083 3500 klinischen
1109 3441 1236 3502 Instituta
1262 3445 1312 3503 tirr

182 3527 330 3672 Chirurglr’g
351 3530 411 3588 und
431 3528 683 3607 Angenheilkunde
707 3529 760 3588 aui
778 3529 829 3587 der
852 3526 981 3587 Univers.
1006 3526 1099 3590 Halle.
1129 3526 1171 3592 Μ.
1197 3523 1310 3610 altpt.

182 3611 267 3671 Halle
330 3609 433 3673 188.
840 3653 841 3656 =

140 3696 232 3775 Chph.
259 3696 368 3757 Friedr.
389 3697 569 3758 Heselriel
595 3697 659 3775 das
678 3716 751 3757 neue
780 3695 912 3776 Hospital
947 3695 1005 3755 uud
1042 3694 1248 3757 Krankenhaus
1274 3717 1312 3758 an

182 3781 278 3855 Helle,
299 3782 327 3840 iu
348 3784 440 3842 seiner
463 3783 660 3860 Begriindnng
681 3784 740 3842 und
761 3781 992 3860 gegenw'artigen
1012 3780 1196 3860 Versassung.
1228 3783 1312 3843 Halle

184 3861 277 3927 1827.
299 3862 329 3930 8.
352 3872 504 3942 (Theologi
532 3873 651 3926 auctoris
672 3873 781 3942 opus.)·

139 3947 211 4008 Karl
236 3949 344 4009 Friedr.
370 3955 479 4012 Sensi
499 3953 570 4012 iiber
591 3953 643 4012 das
664 3952 840 4011 Verhffltniss
861 3951 912 4009 der
931 3949 1108 4008 Hebammen
1129 3969 1195 4010 zum
1212 3950 1312 4011 Stante

182 4035 266 4094 nebst
298 4036 374 4096 einer
408 4038 577 4097 Geschichte
612 4039 665 4098 des
693 4035 990 4096 Hebammeninstitnts
1025 4054 1061 4094 zu
1093 4034 1186 4094 Haila.
1228 4035 1313 4096 Helle

184 4114 278 4179 1812.
299 4115 329 4180 8.

546 4255 610 4311 lu.
650 4254 906 4311 venetrinum.

138 4355 261 4417 Michael
281 4355 565 4434 Morgenbisser
588 4360 756 4420 Geschiclrte
782 4360 833 4418 des
861 4357 1006 4437 Hospitals
1037 4358 1096 4416 nnd
1127 4337 1185 4414 der
1209 4355 1313 4417 Schule

181 4460 247 4502 aum
274 4441 344 4502 ireii.
361 4443 459 4527 Geist,
486 4465 518 4506 so
546 4446 599 4507 wie
627 4447 698 4506 auch
726 4447 777 4505 der
805 4442 963 4505 Bibliothek
990 4461 1027 4502 zu
1058 4442 1102 4501 St.
1128 4441 1311 4504 Bemhardin.
