2874 4974
179 290 223 355 o
606 281 921 360 manendo

186 444 356 508 Sabatier
385 437 548 499 recherches
573 435 745 513 historiques
768 455 817 496 sur
837 436 867 495 la
889 433 1009 495 samec
1030 435 1069 495 dc
1091 435 1241 496 medecine
1260 436 1279 496 b
1299 433 1356 496 Pa·

226 532 274 607 ris,
300 527 399 606 depuis
416 544 473 601 ¹son
498 523 607 598 origine
626 521 721 598 jusqu’
742 523 760 581 b
779 542 833 582 nos
851 522 941 598 jours.
994 521 1073 581 Paris
1100 517 1193 583 1835.
1216 517 1248 587 8.

185 615 226 680 Μ.
249 616 275 674 J.
300 612 339 675 D.
360 611 397 670 V.
420 605 507 753 steno
532 607 664 686 Devaux)
685 608 771 667 index
792 610 924 666 funmeus
944 606 1138 683 chirurgornm
1159 606 1356 667 Parisiensium

227 699 264 759 ab
285 717 360 756 anno
384 690 424 754 la
445 691 466 752 5
490 694 528 751 ad
552 711 657 751 annum
686 687 779 756 1714.
820 692 950 752 Tritoltai
971 699 1001 752 et
1020 693 1108 752 Paris
1134 687 1228 756 1714.
1243 689 1296 756 12.
1312 724 1358 738 ·-

227 787 327 844 Accius
346 781 435 843 Paris.
463 773 556 840 1729.
586 773 635 836 12
661 783 688 835 ct
715 797 772 836 cun
801 776 987 856 (Quernayi)
1015 778 1179 844 recherches
1205 797 1254 837 sur
1279 778 1358 837 l’ori-

227 872 292 946 gine
321 868 358 925 de
386 864 413 922 la
435 863 573 938 chirurgie
592 881 628 920 en
648 861 767 923 France.
819 862 898 920 Paris
919 856 1012 926 1744.
1034 858 1065 926 8.
1088 869 1117 922 ct
1134 863 1173 926 ib.
1203 857 1299 923 1749.
1325 858 1355 923 8.

227 953 266 1019 (Α
283 949 327 1002 Jo.
346 945 455 998 Pitardo
473 943 661 996 iustitutionem
674 942 778 1011 collegii
796 943 976 1012 chirurgomm
999 944 1041 999 Si.
1061 944 1173 998 Come
1190 950 1218 998 et
1236 942 1357 998 Dumianl

227 1037 295 1074 anno
319 1014 388 1070 1278
410 1015 506 1066 samm
528 1012 657 1081 incipere,
676 1028 693 1064 ι
715 1012 851 1066 Lndovico
869 1012 919 1068 lX.
936 1030 999 1066 vero
1014 1013 1069 1081 jam
1086 1014 1170 1084 prima
1185 1014 1244 1082 ejus
1261 1014 1356 1066 mnda-

227 1094 323 1169 meuta·
338 1101 397 1166 esso
421 1082 525 1152 posita3
551 1081 653 1216 billum
677 1081 734 1152 ipse
756 1100 772 1135 e
795 1081 965 1137 mendicatis
989 1082 1175 1154 mumdum
1201 1081 1357 1155 compilatos

185 1157 284 1293 1361111
298 1156 625 1286 lldtgb'lblnorldllerrsaria
645 1225 683 1283 de
702 1222 816 1282 merhcis
837 1223 1042 1285 Parisiensium.
1084 1221 1173 1285 Paris.
1194 1218 1288 1285 1720.

186 1315 257 1375 Phil.
286 1310 425 1372 Dubois
457 1309 619 1368 manerium
649 1310 788 1368 medicum
821 1311 859 1367 ad
891 1330 973 1369 usum
1004 1309 1147 1369 Saluberr.
1193 1309 1358 1370 Parisiensis

228 1397 412 1469 Academiae,
440 1394 574 1454 exhibens
607 1396 754 1454 doctorum
779 1395 1003 1454 academicorum
1030 1401 1060 1454 ct
1090 1396 1231 1454 sociorum
1261 1414 1358 1456 corre-

229 1481 426 1563 spondentiam
447 1481 570 1553 nomina,
591 1499 635 1539 res
650 1481 678 1537 in
700 1479 806 1555 gremio
829 1478 999 1538 Academiae
1022 1486 1129 1560 gestas,
1152 1486 1358 1560 memoro-pa-

228 1568 385 1643 thologicas
407 1566 626 1640 observationes,
647 1564 838 1639 necrologium
860 1563 954 1641 (more
975 1565 1119 1642 antiqno),
1144 1584 1235 1641 aquas
1258 1566 1358 1628 miner.

229 1652 370 1712 naturales
381 1657 430 1708 aut
441 1658 501 1708 arte
512 1648 691 1726 compositas,
716 1667 789 1723 qnae
799 1648 910 1707 Parisiis
924 1649 1136 1709 distribuuntur.
1162 1650 1249 1709 Paris.
1264 1644 1357 1714 1818.

188 1738 338 1813 Domange
362 1735 502 1792 Hubert
528 1732 682 1790 Almanach
708 1733 824 1809 general
848 1735 885 1792 de
913 1735 1058 1794 me'decinc
1088 1754 1161 1814 pour
1181 1735 1208 1794 la
1231 1735 1298 1795 ville
1319 1736 1356 1795 dc

229 1813 506 1897 Parispour1836
528 1818 597 1875 suiv.
639 1816 718 1875 Paris
740 1812 823 1876 1836
844 1819 914 1881 suiv.
937 1813 988 1884 18.

186 1906 233 1966 Jo.
256 1905 331 1963 Frid.
357 1902 498 1960 Weisse
521 1902 600 1961 Paris
624 1921 653 1966 u.
674 1900 797 1960 London
818 1903 865 1960 iirr
880 1904 935 1960 den
951 1899 1022 1963 Ant
1041 1903 1196 1964 besonders
1209 1904 1239 1964 in
1260 1904 1360 1964 Rhea-³

229 1989 302 2047 sicht
327 1989 378 2046 der
398 1985 577 2045 dffentlichen
598 1985 747 2046 Kranlseu-
766 2008 794 2044 u.
815 1986 1174 2065 Verpilcgungsanstalten.
1205 1984 1236 2052 l.
1257 1990 1358 2049 Band-

230 2075 311 2134 chen.
354 2068 556 2130 Paris.ll1itl
584 2071 674 2149 Kupf.
728 2072 899 2148 Petersburg
926 2092 955 2133 u.
981 2073 1066 2133 llalle
1102 2069 1197 2138 1821.
1221 2069 1296 2150 8.(
1347 2117 1356 2134 .

231 2154 372 2224 Huscluncl
388 2159 415 2204 et
433 2154 524 2205 Osann
543 2154 670 2207 Biblioth.
690 2151 766 2206 1820.
787 2154 838 2206 Bd.
854 2154 913 2223 44.)

187 2228 285 2288 Elisha
310 2225 476 2283 Bartlett
500 2225 628 2284 shetches
651 2226 685 2283 os
701 2227 752 2284 the
775 2227 918 2285 character
942 2227 999 2285 and
1021 2227 1145 2304 writings
1170 2229 1205 2288 of
1232 2228 1357 2290 eminent

228 2313 315 2388 living
339 2328 476 2385 rurgeons
511 2312 570 2369 and
607 2311 763 2390 physicians
794 2312 830 2369 of
861 2310 949 2370 Paris.
1011 2311 1181 2373 Translatcd
1212 2314 1289 2375 from
1308 2314 1358 2376 the

227 2397 339 2456 French
362 2396 396 2453 os
416 2394 443 2454 J.
465 2392 501 2452 L.
521 2396 560 2458 Η.
582 2395 614 2460 Ρ.
656 2396 767 2455 Boston
791 2390 886 2459 1831.

187 2483 219 2542 S.
240 2482 266 2540 J.
289 2480 494 2556 Otterburg
518 2482 571 2540 das
591 2481 782 2540 medicinische
802 2479 889 2555 Paris,
915 2479 961 2538 eiu
978 2479 1096 2557 Beitrag
1119 2501 1170 2542 zur
1187 2480 1357 2543 Geschicbte

229 2568 280 2626 der
307 2565 429 2624 Modicia
457 2566 516 2623 und
542 2566 587 2624 ein
620 2565 790 2642 Wegweiser
809 2567 856 2623 sur
877 2565 1011 2624 deutsche
1031 2564 1144 2628 hence.
1195 2566 1252 2628 biit
1275 2567 1356 2628 orfi-

228 2649 279 2709 la’s
300 2650 423 2708 Bildniss
450 2651 508 2707 und
525 2649 679 2712 Facsimile.
722 2649 873 2709 Carlsruhe
899 2644 991 2713 1841.
1012 2645 1062 2708 12.

187 2735 321 2795 Gotthelf
345 2733 496 2792 Fischer
518 2736 568 2793 das
590 2733 850 2794 Nationalmuseum
877 2736 927 2793 der
951 2732 1204 2811 Naturgeschichte
1232 2755 1270 2797 an
1298 2734 1356 2797 Pa-

229 2821 268 2879 ris
297 2839 353 2877 von
382 2819 485 2877 seinem
515 2824 609 2878 ersten
637 2820 805 2897 Ursprunge
834 2820 875 2878 bis
901 2839 937 2878 zu
965 2820 1070 2879 seinern
1092 2821 1220 2898 jetaigcn
1244 2821 1356 2881 Glanze

229 2904 408 2981 geschildert.
450 2902 603 2963 Franhsurt
626 2923 654 2966 a.
676 2905 717 2964 Μ.
740 2900 831 2964 1802
865 2899 957 2964 1803.
993 2904 1061 2967 Vult.
1083 2904 1126 2966 11.
1152 2926 1175 2965 c.
1189 2906 1267 2984 figg.
1293 2926 1354 2970 oen.

186 2988 386 3050 Rondonneau
410 2988 452 3046 de
482 2988 514 3047 la
538 2989 653 3048 Motte
686 2989 758 3048 essai
793 2990 947 3065 historique
983 3009 1032 3048 sur
1065 2987 1172 3049 1Ἠὸῒεί
1208 2990 1282 3051 bien
1317 2993 1355 3051 de

230 3073 318 3146 Paris,
341 3093 378 3131 ou
399 3072 513 3131 tableau
533 3073 755 3150 chronologique
782 3075 819 3132 de
842 3075 1094 3135 lasondationetc.
1125 3074 1203 3134 Paria
1215 3070 1308 3138 1787.
1324 3070 1353 3136 8.

231 3153 427 3220 (Nouocomium
450 3153 529 3206 Hdtel
551 3154 618 3207 Dieu
644 3155 778 3209 fundatum
801 3173 860 3209 esse
883 3155 979 3209 dicitur
999 3156 1033 3210 nb
1056 3155 1194 3229 Episcopo
1211 3155 1357 3213 Parisienai

231 3223 339 3292 Landry
357 3229 385 3275 et
401 3239 418 3276 a
436 3223 529 3276 comite
547 3223 721 3278 Erchinoaldo
739 3241 807 3278 auno
825 3223 898 3291 660.)

188 3292 291 3356 Notice
312 3295 466 3371 historique
484 3314 533 3354 sur
557 3296 760 3356 l’Hbtel-Dieu.
814 3296 892 3356 Paris
915 3291 1008 3359 1834.
1040 3291 1074 3357 4.
1108 3295 1174 3356 Cion
1198 3298 1270 3357 tubb.
1295 3319 1354 3358 aen.

188 3381 220 3440 P.
232 3382 274 3439 Jo
284 3381 419 3440 urdain
436 3381 528 3440 notice
545 3400 594 3439 sur
607 3382 734 3461 l’hbpital
746 3383 783 3442 de
793 3383 820 3441 la
831 3382 946 3441 Charite
960 3383 997 3441 de
1009 3381 1097 3442 Paris.
1129 3382 1207 3441 Paris
1218 3377 1315 3445 1887.
1324 3378 1354 3448 8.

189 3465 327 3525 Μέιιιοὶῐε
354 3465 509 3544 historique
535 3486 584 3526 sur
611 3468 755 3548 l'Hospice
782 3469 819 3528 de
851 3468 878 3526 la
897 3466 1057 3528 Maternitd.
1100 3466 1179 3528 Pan‘s
1203 3461 1300 3534 1808.
1324 3464 1354 3529 4.

531 3648 596 3705 14.
631 3649 748 3707 Moru
763 3652 1018 3709 ferculorum.

192 3783 239 3847 Jo.
260 3783 397 3863 Stephan.
426 3786 716 3863 Strobelberger
737 3788 852 3849 historia
875 3789 1102 3870 Monspeltensis,
1137 3788 1166 3848 in
1194 3807 1253 3867 qua
1274 3789 1358 3851 datur

234 3869 311 3927 urbis
336 3870 558 3950 Monspeliacae,
584 3877 645 3931 tum
672 3873 784 3933 scholae
813 3875 940 3951 ejusdem
967 3875 1161 3935 celeberrimae
1188 3872 1280 3936 brevis
1307 3876 1358 3936 de·

234 3955 358 4032 scriptio,
378 3973 411 4014 ac
433 3957 507 4018 vitae
527 3958 673 4016 illustrium
692 3958 817 4034 ejusdem
843 3961 1033 4039 professorum
1047 3960 1115 4037 quin
1137 3966 1167 4020 et
1181 3960 1360 4041 accipiendae

234 4039 337 4098 ibidem
358 4041 502 4101 doctrinae
520 4044 588 4101 ritus
614 4049 642 4102 et
664 4045 809 4122 privilegia
829 4051 1018 4108 recensentur.
1059 4041 1293 4111 Norimb.1625.
1308 4042 1358 4106 12.

181 4160 183 4164 .
238 4121 309 4188 (cfr.
328 4120 444 4190 Ejusd.
468 4123 677 4178 Proclectiooum
702 4127 932 4194 Moospciiensium
948 4127 1147 4196 recapitulatio.
1173 4127 1212 4184 11.
1241 4128 1300 4181 eod.
1331 4135 1359 4181 et

238 4191 449 4244 Laurentiouum
466 4195 626 4246 modicarum
641 4195 715 4262 opud
734 4202 837 4249 ceteros
853 4197 1058 4263 promeriturum
1074 4196 1209 4251 uindicias
1226 4197 1258 4250 in
1273 4197 1359 4251 hono·

240 4276 294 4312 rom
310 4260 416 4313 scholae
431 4264 499 4318 mod.
518 4263 620 4331 Monsp.
665 4263 783 4317 Norimb.
803 4263 877 4318 1628
901 4262 943 4332 8.)

198 4330 269 4390 Jean
293 4329 427 4392 Astruc
447 4335 593 4393 memoires
614 4354 688 4415 pour
708 4337 794 4396 servir
814 4339 833 4396 b
852 4336 986 4397 l’histoire
1006 4338 1044 4397 de
1063 4336 1090 4395 la
1110 4335 1230 4399 Faculte
1249 4338 1287 4399 de
1300 4336 1359 4399 me-

241 4416 338 4478 decine
363 4419 401 4478 de
423 4417 611 4500 Montpellier.
652 4420 748 4482 Revus
769 4429 799 4484 et
822 4420 932 4502 publicis
955 4441 1008 4504 par
1026 4419 1124 4503 (Anna
1137 4420 1217 4502 Car.)
1237 4420 1358 4501 Lorry.
